3134 4434
577 452 779 503 THEBAIDOS
800 453 870 503 LIB.
892 453 945 502 111.
1220 446 1259 506 67

269 605 426 686 Obicibus,
446 618 586 671 resonant
606 610 751 690 permixto
775 609 889 672 turbiue
911 619 1000 687 tecta,

264 695 360 773 Arva,
385 705 529 772 armenta,
551 696 623 771 viri,
647 695 743 756 donec
763 698 842 756 stetit
863 694 1003 774 inprobus
1022 695 1082 757 alto
1210 703 1261 760 075
1319 772 1322 777 θ

265 777 351 839 Colle
370 781 463 839 minor
482 796 647 860 magnoque
670 780 777 841 invenit
799 781 827 839 in
845 797 956 858 aggere
980 780 1068 862 ripas.
1204 782 1207 788 ’

262 863 343 925 llaec
361 864 473 925 alterna
495 865 599 925 ducum
616 881 676 924 nox
694 865 835 927 interfusa
857 865 980 925 diremit.

218 999 222 1006 .
326 948 364 1008 ht
384 947 620 1028 gemitushrgia
639 950 694 1010 viri
713 966 772 1010 non
793 949 917 1030 amplius
939 965 1036 1030 aequo

263 1032 362 1094 Corde
383 1033 483 1093 ferens
504 1035 674 1114 sociumque
695 1035 790 1097 animo
812 1035 948 1096 miserata
970 1033 1113 1110 dolorem,
1181 1072 1183 1075 -

260 1119 343 1178 Sicut
365 1127 427 1178 erat
447 1118 559 1198 pridem
581 1119 688 1180 laceris
708 1118 823 1181 turbata
842 1118 957 1198 capillis
1208 1127 1259 1182 080

260 1201 299 1263 Et
320 1201 389 1262 iletu
411 1203 523 1281 signata
543 1221 655 1283 genas,
677 1204 713 1265 ad
737 1204 818 1265 celsa
840 1204 961 1265 uerendi

258 1285 325 1347 Ibat
346 1296 423 1348 tecta
446 1289 556 1367 patris,
577 1306 755 1369 parvumque
777 1287 831 1349 sub
851 1288 944 1349 ubere
966 1306 1035 1350 caro

260 1371 472 1432 Thessandrum
492 1372 629 1451 portabat
650 1390 705 1433 avo
727 1375 783 1435 iam
801 1382 895 1444 nocte¹
908 1391 1043 1452 suprema

261 1456 338 1517 Ante
361 1474 454 1516 novos
475 1468 572 1535 ortus,
595 1457 643 1518 ubi
665 1458 730 1520 sola
752 1460 909 1541 superstite
931 1458 1062 1538 plaustro

262 1543 371 1602 Arctos
393 1541 429 1602 ad
451 1559 591 1603 oceanum
612 1543 791 1620 fugientibus
810 1543 919 1603 invidet
940 1542 1035 1603 astris.
1208 1550 1260 1606 685

325 1625 422 1706 thue
452 1627 532 1687 iores
551 1628 612 1688 iniit
632 1645 796 1707 magnoque
818 1627 909 1688 affusa
929 1627 1042 1707 parenti
1062 1636 1121 1687 est:

263 1709 343 1771 ‘Cur
364 1721 413 1773 tua
436 1731 499 1772 cum
521 1711 647 1773 lacrimis
666 1722 780 1790 moesto
801 1713 863 1772 sine
886 1712 1012 1790 coniuge
1033 1712 1159 1791 supplex

262 1796 371 1857 Limina
392 1804 480 1858 nocte
503 1806 617 1877 petam,
638 1816 753 1859 cessem
774 1798 845 1858 licet
865 1798 930 1876 ipsa
951 1796 1073 1876 proiari,
1174 1816 1180 1828 ·

260 1881 328 1940 Scis
348 1882 474 1959 genitor.
519 1882 580 1942 Sed
600 1883 662 1944 iura
685 1883 769 1944 deum
790 1881 929 1961 genitalia
953 1890 1056 1958 testor,

260 1965 363 2044 Teque
381 1975 482 2045 pater,
502 1983 559 2026 non
580 1966 630 2027 ille
652 1967 748 2045 iubet,
770 1968 825 2028 sed
848 1966 973 2046 pervigil
995 1983 1097 2044 angor,
1207 1977 1259 2031 690

259 2050 386 2128 Exque
409 2052 517 2130 primus
536 2050 650 2127 Hymen
671 2053 819 2131 movitque
843 2050 966 2111 infausta
989 2051 1133 2110 sinistram

258 2133 331 2195 luno
352 2134 462 2214 facem,
485 2153 603 2215 semper
624 2137 750 2197 lacrimis
771 2136 939 2214 gemituque
958 2135 1122 2215 propinquo

259 2219 418 2280 Enturbata
439 2221 531 2299 quies.
576 2218 641 2280 Non
664 2222 688 2280 si
708 2220 776 2280 mihi
796 2219 908 2297 tigridis
927 2219 1032 2279 horror

260 2305 495 2384 Aequoreosque
518 2323 606 2384 super
625 2305 738 2384 rigeant
761 2303 935 2385 praecordia
958 2312 1069 2380 cautes,

259 2389 351 2450 Ferre
375 2396 493 2469 queam:
515 2399 545 2451 tu
564 2389 646 2450 solus
665 2407 767 2470 opem,
790 2398 820 2449 tu
841 2406 948 2450 summa
965 2388 1099 2449 medendi
1205 2396 1257 2451 695

258 2472 324 2535 Iura
346 2484 444 2544 tenes;
466 2474 502 2535 da
524 2473 618 2554 bella,
641 2473 926 2555 pater‚·generiquc
946 2475 1067 2536 lacentis

261 2557 392 2638 Adspice
407 2578 456 2620 res
471 2559 612 2637 humiles,
630 2570 717 2640 atque
733 2559 824 2636 hauc,
844 2568 943 2641 pater,
960 2558 1080 2638 adspice
1097 2556 1209 2636 prolem
1285 2605 1288 2612 .

260 2642 380 2713 Exulis;
403 2644 469 2706 huic
490 2645 559 2706 olim
581 2647 701 2725 generis
721 2645 825 2726 pudor.
871 2642 895 2702 0
917 2643 967 2704 ubi
989 2645 1080 2723 prima

261 2727 393 2806 Hospitia
411 2738 440 2789 et
463 2731 577 2791 iunctae
598 2739 705 2791 testato
728 2731 842 2790 numine
861 2727 997 2790 dextrae!

325 2811 379 2871 Hic
396 2823 548 2890 censeat,
565 2833 651 2893 quem
666 2815 724 2875 iata
739 2812 855 2890 dabant,
873 2830 959 2891 quem
973 2812 1044 2873 dixit
1053 2808 1174 2888 Apollo.
1207 2816 1258 2872 700

260 2895 327 2954 Non
349 2906 467 2973 egomet
487 2899 593 2958 tacitos
613 2898 739 2963 Veneris
761 2897 855 2957 iurata
877 2896 993 2956 calores

261 2978 451 3058 Culpatamve
473 2980 584 3058 lacem,
605 2990 653 3041 tua
675 2983 754 3041 iussa
775 2979 904 3040 verenda
925 2989 1051 3058 tuosque

259 3064 358 3124 Dilexi
380 3066 517 3134 monitus;
539 3083 613 3126 nunc
636 3083 693 3145 qua
715 3065 831 3125 lenitate
853 3062 979 3125 dolentis

259 3149 428 3227 Despiciam
450 3147 591 3230 questus?
611 3151 725 3227 nescis,
744 3157 829 3229 pater
850 3150 975 3229 optime,
994 3148 1103 3223 nescis,

260 3232 390 3306 Quantus
413 3253 493 3296 amor
517 3253 623 3297 causae
646 3237 753 3296 misero
775 3234 911 3314 nupsisse
926 3234 1039 3294 marito.
1205 3240 1256 3296 705

259 3317 298 3377 Et
316 3337 391 3378 nunc
413 3329 525 3381 moesta
548 3321 663 3400 quidem
684 3338 775 3398 grave
799 3328 828 3380 ct
846 3317 1013 3379 inlaetabile
1033 3336 1133 3377 munus

259 3402 298 3462 Ut
318 3403 433 3465 timeam
456 3405 646 3485 dabamque,
668 3422 754 3484 rogo.
786 3404 845 3465 Sed
862 3422 948 3484 quum
963 3402 1065 3465 oscula
1080 3411 1192 3483 rumpet

260 3485 373 3550 Moesta
396 3489 477 3568 dies,
500 3508 586 3569 quum
604 3508 692 3552 rauca
712 3489 819 3551 dabunt
840 3488 1011 3550 abeuntibus
1033 3489 1118 3548 armis

259 3572 350 3650 Signa
370 3574 456 3636 tubae
479 3592 628 3655 saevoque
653 3593 745 3654 genas
765 3573 915 3652 fulgebitis
935 3590 1017 3652 auro,

256 3655 311 3718 liei
331 3659 416 3720 mihil
452 3679 520 3721 care
542 3678 664 3739 parens,
685 3662 790 3721 iterum
811 3659 937 3721 fortasse
956 3656 1092 3737 rogaho!
1206 3664 1257 3720 tuo

323 3744 403 3806 lllius
425 3745 552 3808 humenti
573 3763 699 3828 carpens
719 3754 803 3828 pater
824 3743 1070 3884 050010007οᾋ
