3134 4434
572 480 773 530 rfflnmnos
794 481 864 529 nra.
883 480 931 528 rx.
1192 469 1250 530 199

255 638 388 716 Adspicit
405 646 435 698 et
455 638 559 697 niveae
580 655 680 698 saxum
698 637 842 699 maduisse
861 637 981 699 Dianae.

318 723 401 783 Illam
422 722 488 782 diva
508 721 595 782 ferox
617 723 770 782 etiamnum
791 723 820 782 in
841 722 938 782 limine
958 739 1044 783 saero

252 807 424 887 Expositum
446 815 475 866 et
496 806 610 884 gelidas
631 816 798 867 verrentem
819 806 944 867 crinibus
964 825 1031 869 aras

253 893 382 973 Linquit,
407 900 436 951 et
456 892 486 950 in
504 891 606 952 mediis
627 890 808 952 frondentem
827 891 980 953 Mnemeion
1000 891 1085 954 astris

253 977 405 1056 Exuperat
422 994 529 1061 gressu
550 975 711 1055 saltumque
733 976 770 1037 ad
788 977 903 1036 moenia
924 973 1024 1037 Cadmi
1197 984 1249 1039 640

254 1063 401 1137 Destinat,
425 1061 545 1120 interior
566 1060 722 1138 coelique
743 1061 844 1121 semita
864 1061 943 1121 lueet

255 1148 309 1207 Dis
328 1155 434 1206 tantum
456 1154 485 1205 et
507 1154 625 1205 ennoias
646 1146 725 1207 iuxta
744 1145 826 1206 videt
844 1145 932 1207 ardna
950 1154 1053 1205 terras.

254 1232 372 1310 lamque
393 1229 457 1290 iere
475 1230 599 1290 medium
619 1229 752 1290 Parnassi
771 1229 893 1291 frondea
914 1238 1033 1308 praeter

256 1313 342 1375 Golia
362 1314 480 1375 tenebat
499 1315 570 1390 iter,
592 1332 679 1392 quum
699 1313 819 1375 fratrem
840 1315 869 1374 in
888 1313 965 1375 nube
988 1328 1113 1375 eorusoa

254 1399 388 1478 Adspicit
406 1398 481 1459 hand
500 1399 616 1458 solitum
633 1400 707 1458 visu.
749 1397 911 1461 Remeabat
929 1397 966 1459 ab
985 1397 1071 1459 armis
1197 1405 1249 1461 646

255 1484 387 1544 Moestus
407 1482 571 1560 Echioniis,
592 1482 718 1543 demersi
738 1483 841 1544 funera
860 1482 964 1561 lugens

255 1570 392 1645 Auguris.
435 1566 563 1628 lurubuit
585 1567 662 1627 eoeli
683 1567 771 1646 plaga
793 1568 892 1628 sidere
912 1569 1013 1641 mixto,

256 1653 447 1731 Oeeuranue
466 1669 551 1712 saero
573 1653 681 1731 pariter
700 1651 782 1713 iubar
805 1653 875 1713 arsit
893 1653 1047 1730 utrimque,

256 1737 295 1798 Et
313 1739 413 1799 coiere
435 1755 537 1812 areus,
562 1746 591 1797 et
613 1735 794 1815 respondere
817 1736 982 1816 pharetrae.

256 1823 311 1884 lile
334 1824 429 1901 prior:
448 1822 536 1882 <Soio
558 1821 754 1897 Labdacidas,
776 1840 931 1900 genusne,
951 1819 1099 1896 cobortes,
1195 1827 1249 1882 65⁰

256 1907 295 1968 Et
316 1909 430 1967 nimium
451 1906 543 1967 fortes
565 1924 664 1966 ausum
686 1908 761 1984 petis
782 1907 899 1969 Areada
921 1922 1041 1986 pugnas.

256 1991 328 2053 Fida
350 2001 434 2069 rogat
454 1993 603 2069 genetrix;
625 1992 731 2051 utinam
753 1991 906 2068 indulgere
927 1989 1057 2071 presenti

257 2076 328 2137 Fata
349 2076 465 2137 darent!
486 2093 523 2136 en
543 2077 608 2154 ipse
629 2077 702 2150 mei,
724 2075 829 2154 pudet!
846 2077 947 2136 inritus
968 2091 1046 2135 erma

259 2160 386 2222 Cultoris
407 2160 584 2240 frondesque
606 2176 705 2220 saeros
728 2160 764 2221 ad
780 2161 874 2222 inania
894 2158 952 2220 vidi

258 2246 378 2306 Tartara
400 2253 430 2304 et
451 2246 480 2305 in
500 2253 608 2305 memet
628 2256 732 2304 versos
754 2244 935 2306 descendere
955 2242 1065 2312 vultum
1197 2250 1249 2304 666

257 2329 322 2390 Nee
342 2332 419 2390 tenui
443 2348 544 2390 eunus
560 2338 716 2408 terraeque
736 2328 858 2407 abrupta
879 2329 976 2405 coegi,

260 2417 371 2475 Saevus
393 2432 450 2492 ego
471 2415 677 2492 inmeritusque
698 2413 766 2474 ooli.
805 2412 946 2491 Lugentia
968 2413 1064 2473 uernis

259 2501 365 2577 Antra,
390 2517 492 2575 soror,
513 2506 663 2577 mutasque
684 2498 802 2568 domos;
822 2498 897 2559 baeo
915 2498 980 2558 sola
998 2496 1129 2577 rependo

260 2585 344 2645 Dona
361 2587 410 2664 pio
433 2585 544 2652 eomiti;
565 2601 622 2643 neo
643 2593 672 2643 tu
692 2585 819 2663 peritura
840 2601 959 2644 mouere

260 2669 392 2745 Auxilia,
416 2678 446 2730 et
465 2677 595 2729 moestos
615 2669 644 2728 in
663 2686 766 2729 vanum
788 2686 881 2748 perge
898 2667 1026 2729 labores.
1161 2726 1164 2731 .
1196 2675 1250 2731 660

259 2753 338 2814 Finis
360 2754 443 2814 adest
459 2755 571 2828 iuueni,
592 2770 651 2813 non
671 2752 729 2814 boo
750 2753 887 2814 mutabile
908 2753 1007 2828 iatum,

261 2837 326 2898 Nee
344 2846 373 2897 te
392 2856 467 2898 nune
488 2836 581 2897 dubim
602 2836 728 2897 fraterna
746 2837 864 2897 oracula
883 2836 994 2896 fallunt.

261 2921 300 2981 At
316 2921 406 2981 deeus
426 2931 584 2981 extremum
604 2921 712 2981 misero
731 2920 852 2981 eoniusa
870 2920 1003 2979 uicissim

260 3006 352 3083 Virgo
370 3006 477 3081 refert,
501 3005 649 3082 duraeque
671 3005 741 3066 lieet
758 3004 862 3066 solatia
882 3004 969 3064 morti

262 3089 429 3167 Quaerere,
451 3107 507 3149 neo
525 3088 618 3166 iugiet
637 3105 765 3168 poenas,
790 3089 962 3168 quicumque
983 3086 1136 3149 nefandam
1199 3058 1251 3152 666

260 3175 385 3235 insontis
407 3174 491 3255 pueri
511 3174 666 3235 seelerarit
686 3175 825 3251 sangnine
846 3173 977 3234 dextram

260 3259 375 3338 inpius,
399 3268 429 3321 et
448 3259 555 3319 nostris
576 3258 620 3319 ias
641 3260 678 3318 sit
695 3259 812 3319 saevire
831 3258 965 3335 sagittis?

262 3345 312 3405 Sio
333 3344 420 3406 erate
440 3352 539 3405 movet
556 3361 677 3420 gressus
698 3343 870 3421 libandaque
891 3341 972 3404 iretri

261 3428 380 3489 Parcius
403 3446 454 3489 ora
473 3428 538 3489 tulit
558 3427 733 3506 Thebasque
753 3427 859 3488 iniusta
881 3427 994 3507 petivit.
1031 3472 1046 3503 ,

326 3513 364 3573 At
385 3531 482 3592 pugne
501 3515 611 3592 ereptis
631 3514 723 3573 maior
743 3511 890 3573 orndesoit
908 3512 1049 3590 utrimque
1198 3517 1253 3574 676

262 3597 410 3676 Regibus,
432 3598 619 3677 alternosque
639 3598 698 3659 eiet
716 3598 843 3659 vindicta
860 3597 986 3657 furores.

261 3682 399 3762 Hypseos
414 3683 482 3743 irino
497 3691 607 3745 turmae
627 3682 848 3761 desolatumque
865 3682 1003 3759 magistro
1062 3706 1064 3711 s

261 3768 393 3845 Agmen,
413 3776 442 3829 at
463 3767 529 3829 bino
548 3767 666 3846 gratim
687 3767 788 3831 tremit
802 3764 1058 3849 ffiquomedont‘m
1075 3760 1251 3831 anemos«
