3134 4434
308 442 370 507 208
643 455 675 501 1.
698 453 831 501 runnu
853 452 975 501 surum

307 612 425 676 Arcada
445 608 598 689 belligeris
621 609 711 690 pudet
731 625 920 670 annumerare
942 613 1105 690 tropaeis.

307 700 342 762 ln
360 695 490 757 manibus
512 712 644 771 merces,
669 712 809 773 nusquam
830 694 924 771 capita
945 694 1048 757 ardua
1072 697 1153 759 belli

308 783 543 859 monstrataeque
564 779 668 840 ducum
688 787 812 858 septena
833 795 888 858 per
909 779 1030 856 agmina
1056 783 1187 844 cristae.
1280 792 1300 847 ll

310 867 432 930 Scilicet
451 865 569 926 Adrasti
590 866 702 925 senium
720 864 869 943 fraterque
888 863 1013 925 iuventa

309 953 397 1016 Peior
419 959 448 1011 et
468 949 576 1010 insanis
598 945 750 1027 Capaneus
771 946 941 1007 metuendus
961 948 994 1007 in
1016 948 1142 1011 armis?

309 1037 354 1098 lte
376 1053 448 1113 age,
470 1043 501 1095 et
522 1031 654 1094 obsessis
675 1032 795 1110 uigilem
817 1031 994 1093 obcumdate
1015 1034 1188 1097 flammam.

309 1121 389 1182 Nulli
411 1136 449 1179 ex
468 1119 553 1179 hoste
573 1125 683 1192 matus,
706 1116 844 1196 praedam
866 1119 1027 1178 asservatis
1056 1136 1204 1202 opesque

309 1205 370 1267 lam
390 1206 527 1265 vestras?
572 1202 622 1263 Sic
642 1201 691 1262 ille
712 1209 812 1261 truces
832 1198 995 1261 hortatibus
1017 1202 1127 1283 inplet
1279 1216 1299 1269 li

309 1288 504 1364 Labdacidas,
527 1288 605 1346 iuvat
629 1284 787 1346 exhaustos
808 1285 916 1346 iterare
937 1284 1077 1347 labores.

311 1377 393 1437 Sicut
413 1381 476 1433 erat
496 1372 591 1450 pulvis
612 1370 759 1448 sudorque
783 1386 926 1447 cruorque
948 1388 1004 1448 per
1026 1382 1121 1434 artus

309 1458 415 1520 blixtus
436 1455 544 1532 adhuc,
566 1465 683 1517 vertere
704 1454 840 1532 gradum;
863 1455 913 1514 vix
934 1452 1021 1516 obvia
1045 1461 1139 1536 passi

312 1543 483 1621 Colloqnia‚
508 1540 659 1619 amplexus
682 1541 767 1600 etiam
789 1538 964 1618 dextrasque
986 1557 1119 1603 snorum

309 1627 478 1689 Excussere
497 1624 639 1694 humeris;
667 1634 735 1685 tuno
753 1624 878 1684 frontem
900 1641 1070 1702 aversaque
1095 1637 1189 1709 terga
1279 1642 1300 1692 11

309 1713 408 1774 Partiti
430 1711 609 1788 laterumque
631 1711 724 1784 sinus,
747 1707 854 1768 vallum
874 1708 1002 1787 undique
1026 1711 1161 1789 cingunt

310 1795 427 1875 Ignibus
448 1794 570 1854 infestis.
610 1792 714 1854 Rabidi
736 1794 781 1852 sic
803 1795 917 1870 agmine
937 1795 1028 1853 mixto

312 1881 371 1943 Sub
393 1888 508 1939 noctem
530 1879 630 1937 coiere
652 1878 730 1957 lupi,
754 1894 829 1955 quos
849 1877 978 1938 omnibus
1001 1881 1088 1956 agris

310 1966 359 2027 Nil
379 1982 436 2024 11011
458 1980 527 2024 ausa
546 1963 639 2023 lames
661 1961 750 2039 longo
772 1963 900 2022 tenuavit
919 1962 1010 2023 biatu.

310 2051 370 2112 lam
390 2047 503 2109 stabula
523 2049 587 2127 ipsa
609 2056 757 2126 premunt,
783 2056 899 2125 torquet
920 2066 989 2126 spes
1011 2049 1105 2112 inrita
1129 2053 1248 2133 lances,
1278 2062 1298 2116 ll

309 2136 484 2212 Balalusque
506 2142 633 2194 tremens
653 2134 833 2211 pinguesque
855 2131 892 2192 ab
913 2130 1039 2193 ovilibus
1059 2152 1173 2199 aurae.

312 2220 398 2294 Quod
419 2227 569 2297 superest,
592 2218 671 2278 duris
690 2217 850 2292 allranguut
871 2215 1009 2295 postibus
1025 2237 1154 2297 ungues

311 2305 492 2382 Pectoraque
515 2312 543 2362 et
564 2304 660 2362 siccos
681 2303 807 2361 minuunt
828 2303 856 2360 in
877 2300 973 2361 limine
995 2301 1120 2365 dentes.

374 2387 413 2447 At
434 2387 538 2465 procul
560 2386 692 2463 Argolici
715 2387 841 2465 supplex
862 2387 891 2446 in
910 2378 1042 2465 margine
1064 2394 1181 2474 templi

314 2472 424 2534 Coetus
446 2481 475 2531 et
497 2471 532 2531 ad
555 2473 663 2549 patrias
684 2471 767 2531 lusae
789 2470 963 2550 Pelopeides
984 2489 1053 2532 aras
1282 2489 1301 2542 p

312 2556 509 2635 sceptriferae
531 2555 647 2615 lunonis
669 2572 755 2633 opem
775 2556 955 2634 reditumque
977 2573 1103 2619 auorum

310 2642 496 2720 Exposeuut‚
519 2640 672 2718 pictasque
692 2639 773 2699 iores
795 2649 824 2700 01
844 2640 950 2718 frigida
969 2639 1053 2702 vultu

312 2729 389 2789 Saxa
408 2732 503 2785 terunt
522 2740 689 2803 paruosque
710 2724 817 2785 docent
838 2723 1035 2804 procumbere
1059 2739 1168 2794 natos.

313 2810 507 2874 Gondiderant
525 2810 580 2869 iam
599 2818 668 2870 uota
688 2809 779 2885 diem,
802 2827 861 2869 nox
881 2810 976 2871 addita
998 2827 1088 2873 curas

311 2897 422 2975 longit,
446 2905 475 2956 et
496 2894 627 2972 aggestis
648 2895 768 2972 vigilant
790 2895 890 2955 altaria
911 2894 1044 2955 dammis.

311 2982 431 3062 Peplum
453 2982 538 3040 etiarn
559 2979 655 3054 dono,
677 2981 757 3039 cuius
777 2979 907 3039 mirabile
927 2988 1039 3040 textum

311 3065 397 3126 Nulla
418 3083 517 3125 manus
539 3064 646 3124 sterilis
667 3082 724 3123 nec
743 3062 899 3125 dissociata
917 3065 1019 3124 marito

310 3149 467 3225 versarat,
492 3149 613 3210 calathis
635 3157 733 3208 castae
752 3148 893 3209 uelamina
914 3149 999 3209 diuae

312 3234 394 3295 Haud
415 3234 580 3313 spernenda
603 3233 715 3310 lerunt,
736 3235 824 3293 uariis
847 3233 894 3293 ubi
916 3233 1038 3313 plurima
1062 3237 1163 3306 110100

311 3319 440 3397 Purpura
460 3320 536 3397 picta
560 3318 652 3378 modis
674 3319 821 3396 mixtoque
843 3317 1004 3380 incenditur
1026 3337 1117 3386 auro.
1288 3340 1308 3396 g

311 3403 379 3483 Ipsa
397 3403 458 3463 illio
478 3405 573 3480 magni
595 3403 719 3464 thalamo
742 3402 889 3481 desponsa
910 3402 1049 3464 Tonantis

310 3487 427 3567 Expers
449 3487 564 3548 conubii
586 3497 616 3548 et
638 3487 735 3548 timide
757 3488 886 3566 positura
907 3504 1041 3548 sororem

310 3572 427 3634 lumine
449 3573 575 3633 demisso
598 3574 681 3651 pueri
701 3571 779 3632 loris
801 3571 902 3633 oscula
923 3571 993 3632 libat

313 3657 444 3737 Simplex
466 3668 496 3719 et
517 3656 640 3716 nondum
660 3657 742 3717 furtis
766 3657 878 3718 01101100
899 3657 1001 3717 mariti.

304 3741 372 3804 lloc
393 3751 461 3806 tunc
481 3741 644 3824 Argolicae
665 3750 799 3804 sanctum
814 3741 961 3801 uelamine
980 3751 1099 3804 munes
1290 3763 1313 3819 g
