3134 4434
581 465 780 515 semermos
803 466 871 513 nnn.
892 466 939 513 ιι.
1216 453 1253 517 81

263 622 393 682 Velleris
416 619 534 680 obscuri
556 622 687 700 pecudes
708 630 894 701 armentaque
919 620 980 681 sisti
1206 629 1256 685 445

261 708 336 767 Atra
357 713 472 781 monet,
495 723 695 785 quaecumque
715 724 837 784 gregum
854 705 1049 786 pulcherrima
1068 707 1167 767 cervix

262 791 398 860 Ducitur,
420 790 558 866 ingemuit
575 789 664 851 Dirce
686 800 874 869 moestusque
898 787 1062 866 Cithaeron,

262 875 301 936 Et
321 893 395 936 nova
418 875 565 935 clamosae
584 883 722 954 stupuere
743 875 858 936 silentiu
879 873 1016 945 valles.

326 959 396 1020 'lum
416 959 479 1019 iera
501 959 645 1019 caeruleis
668 961 770 1021 intexit
792 977 900 1020 cornua
920 926 1016 1019 sertis

261 1044 332 1124 lpse
353 1063 436 1105 manu
457 1052 600 1119 tractans,
623 1047 769 1124 notaeque
790 1045 819 1105 in
838 1043 935 1104 limine
957 1043 1048 1103 silvae
1206 1054 1257 1106 450

261 1128 407 1209 Principio
430 1128 529 1205 largos
551 1129 653 1189 novies
677 1129 782 1190 tellure
806 1136 907 1190 cavata

260 1213 383 1274 inclinat
403 1212 510 1273 Bacchi
532 1211 635 1273 latices
657 1222 687 1273 et
708 1231 826 1274 munera
848 1213 929 1272 verni

259 1297 357 1358 Laetis
378 1306 407 1357 et
428 1296 558 1357 Actaeos
579 1296 687 1357 imbres
703 1298 881 1377 suadumque
901 1311 1035 1356 cruorem

260 1381 407 1452 Manibus;
431 1383 596 1459 aggeritur,
618 1391 752 1461 quantum
770 1381 842 1442 bibit
861 1380 939 1442 arida
957 1359 1060 1439 te'llus.

326 1466 439 1526 Trunca
450 1463 554 1526 dehrdo
566 1484 685 1527 nemora
696 1467 825 1527 advolvit
827 1473 1034 1543 ,moestusque
1046 1463 1186 1525 sacerdos
1203 1473 1255 1527 455

261 1551 336 1612 Tres
353 1550 483 1611 Hecatae
503 1551 681 1630 totidemque
701 1553 770 1612 satis
787 1550 955 1612 Acheronte
976 1548 1090 1609 nefasto

259 1634 429 1713 Virginibus
451 1634 531 1694 iubet
552 1653 620 1696 esse
640 1635 743 1705 iocos;
766 1635 835 1713 tibi,
858 1643 956 1697 rector
977 1633 1097 1709 Averni,

261 1720 440 1801 Quamquam
461 1719 588 1781 infossus
609 1720 711 1797 humo,
736 1729 856 1800 superat
877 1727 970 1780 tamen
990 1734 1082 1796 agger
1100 1721 1128 1779 in
1149 1736 1232 1781 auras

260 1807 381 1875 Pineus;
403 1804 480 1865 bunc
500 1805 579 1866 iuxta
600 1804 715 1866 cumulo
736 1806 828 1866 minor
846 1822 897 1866 ara
919 1802 1079 1883 profundae

259 1890 390 1967 Erigitur
409 1887 525 1960 (lareri3
548 1890 668 1951 frondes
690 1898 779 1969 atque
798 1908 882 1951 omne
901 1906 1057 1968 cupressus
1203 1895 1256 1952 460

260 1975 368 2036 intexit
387 1973 500 2054 plorata
519 1974 603 2034 latus.
642 1974 760 2054 lamque
781 1975 870 2036 ardua
891 1973 971 2034 ierro

260 2060 374 2138 Signati
396 2060 509 2138 capita,
531 2067 560 2119 et
581 2059 694 2138 frugum
711 2058 846 2120 libamine
867 2074 940 2138 puro

261 2143 296 2204 In
317 2143 419 2204 vulnus
442 2143 578 2204 cecidere
599 2162 725 2222 gregem
747 2152 814 2205 tunc
835 2141 938 2204 innuba
959 2139 1055 2203 llanto

259 2228 423 2308 Exceptum
444 2228 552 2308 pateris
573 2228 716 2308 praelibat
736 2228 923 2305 sanguinem,
945 2233 975 2286 et
992 2241 1092 2285 omnes

261 2312 321 2373 Ter
342 2315 532 2374 circumacta
552 2330 641 2392 pyras
663 2314 755 2374 sancti
774 2311 812 2373 de
834 2328 914 2372 more
937 2309 1065 2389 parentis
1202 2316 1252 2372 465

261 2399 433 2459 Semineces
455 2397 542 2458 libras
563 2406 593 2458 et
611 2396 705 2458 adbuc
726 2397 863 2478 spirantia
883 2393 978 2456 reddit

259 2483 402 2559 Viscera,
422 2500 478 2543 nec
498 2482 614 2563 rapidas
634 2491 783 2544 cunctatur
802 2479 952 2542 frondibus
974 2477 1043 2541 atris

260 2567 433 2629 Subiectare
454 2567 546 2628 iaces
585 2566 712 2648 Atque
704 2585 768 2649 ipse
793 2566 922 2628 sonantia
944 2563 1063 2625 flammis

259 2651 393 2729 virgulta
415 2661 444 2713 et
464 2654 563 2712 tristes
585 2655 737 2733 crepuisse
755 2661 786 2713 ut
807 2652 898 2712 sensit
917 2665 1040 2711 acervos

261 2736 470 2812 Tiresias,-
493 2735 535 2796 illi
552 2754 617 2797 nam
635 2736 780 2818 plurimus
795 2737 882 2797 ardor
902 2732 1019 2796 anhelat
1202 2735 1255 2790 uto

260 2820 338 2880 Ante
355 2837 464 2897 genas,
487 2820 636 2899 inpletque
656 2838 747 2882 cavos
767 2838 861 2901 vapor
882 2821 985 2898 igneus
1004 2812 1092 2876 orbes
1112 2847 1154 2858 -

259 2902 476 2966 Exclamat-
496 2911 642 2964 tremuere
662 2905 745 2982 rogi,
768 2913 798 2965 et
816 2921 876 2964 vox
897 2899 1028 2981 inpulit
1020 2914 1116 2976 ignem
1138 2917 1193 2953 -:

326 2986 501 3048 ‘l'artareae
523 2987 611 3049 sedes
628 2996 658 3048 et
675 2986 856 3048 formidabile
878 3002 999 3065 regnum

259 3072 362 3134 Mortis
380 3071 564 3150 inexpletae,
588 3081 692 3152 tuque,
715 3088 733 3132 o
756 3072 926 3132 saeuissime
948 3068 1076 3144 instrum,

263 3155 317 3218 Cui
341 3158 454 3217 servire
476 3155 535 3217 dati
554 3156 655 3218 llanes
677 3165 853 3236 aeternaque
873 3162 987 3217 sontum
1130 3220 1133 3225 ,
1202 3159 1252 3217 475

261 3243 412 3323 Supplicia
435 3250 521 3321 atque
544 3243 593 3302 imi
614 3241 766 3303 famulatur
784 3241 867 3319 regia
887 3237 994 3316 mundi,
1128 3230 1133 3257 ³
1280 3257 1282 3261 ·

261 3327 374 3388 Solvite
396 3327 520 3406 pulsanti
541 3326 609 3388 loca
629 3335 706 3388 muta
726 3335 756 3387 et
774 3327 859 3388 inane
880 3340 1004 3386 severae

261 3410 482 3492 Persephones,
504 3411 668 3491 vulgusque
690 3430 762 3473 cava
783 3409 836 3471 sub
857 3418 945 3471 noete
963 3415 1112 3487 repostum
1204 3414 1208 3421 ’

260 3494 385 3573 Elicite,
409 3506 440 3556 et
460 3496 547 3576 plena
567 3497 670 3560 redeat
692 3497 783 3575 Styga
805 3497 929 3576 portitor
950 3491 1026 3555 alno.

259 3579 348 3642 Ferte
370 3581 454 3641 simul
474 3600 612 3660 gressus,
632 3600 688 3642 nec
709 3581 834 3661 simplex
854 3578 986 3641 Manibus
1008 3586 1072 3640 esto
1200 3583 1252 3637 480

260 3664 293 3725 ln
313 3665 407 3726 lucem
425 3683 558 3728 remeare
575 3668 691 3735 modus;
714 3676 743 3729 tu
762 3685 868 3747 separe
892 3673 977 3727 coetu

259 3749 393 3828 Elysios,
417 3750 541 3831 Persea,
562 3754 644 3834 pios,
665 3753 806 3835 virgaque
823 3750 938 3835 potenti

296 3854 433 3899 arastus
454 3857 490 3898 ιι.
1094 3826 1119 3883 b
