3134 4434
302 440 344 504 92
638 457 670 505 P.
692 452 827 507 Purmuu
849 456 966 508 sraru

363 609 472 671 Noster
495 627 658 691 purpureus
677 628 834 693 novusque
854 613 952 677 charta
1065 684 1070 694 ,

299 695 338 757 Et
359 697 432 756 binis
443 694 607 757 ¹decoratus
630 696 786 775 umbilicis,

298 781 419 843 Praeter
439 798 485 840 me
506 781 573 842 mibi
596 782 726 843 constitit
747 781 890 844 decumo.

299 865 342 925 Tu
363 882 461 925 rosum
479 865 564 925 tineis
587 866 703 945 situque
723 875 849 945 putrem,

298 949 408 1024 Quales
431 953 479 1010 aut
499 950 616 1028 Libycis
628 946 754 1011 ¹madent
774 950 872 1028 clivis,

296 1034 355 1095 Aut
374 1044 420 1094 tus
441 1034 583 1096 Niliacum
600 1035 725 1115 piperve
747 1045 876 1113 servant,

296 1119 356 1180 Aut
376 1119 568 1195 Byzantiacos
589 1120 669 1179 olent
692 1119 837 1189 lacertos3

295 1202 361 1264 Nec
383 1204 485 1264 saltem
506 1212 554 1264 tua
575 1203 651 1264 dicta
674 1205 880 1282 coutinentem,

295 1285 378 1361 Quae
398 1289 473 1348 trino
493 1289 606 1349 iuvenis
625 1289 691 1349 loro
712 1288 846 1366 tonabas,

294 1371 354 1432 Aut
376 1381 489 1433 centum
509 1390 605 1452 prope
626 1373 755 1451 iudices,
778 1375 947 1453 priusquam

295 1455 338 1517 Te
359 1455 545 1518 Germanicus
567 1456 707 1518 arbitrum
728 1460 880 1537 sequentis

293 1539 436 1602 Anconae
459 1542 538 1603 dedit
559 1544 742 1621 omniumque
761 1543 821 1603 late

292 1623 439 1687 Praelecit
460 1628 632 1688 stationibus
652 1627 778 1696 viarum3

292 1709 353 1775 sed
372 1709 451 1771 Bruti
472 1712 551 1772 senis
573 1711 763 1772 oscitationes

290 1792 339 1854 De
358 1813 447 1874 capsa
465 1796 564 1856 miseri
587 1794 757 1870 libellionis,

290 1877 426 1958 Emptum
447 1881 514 1960 plus
535 1881 628 1941 miuus
649 1897 716 1941 asse
739 1877 859 1956 Gaiano,

291 1963 401 2024 Douas.
444 1964 547 2044 Usque
568 1965 682 2026 adeone
701 1964 859 2026 defuerunt

291 2044 395 2108 Caesis
418 2050 497 2128 pilea
520 2058 584 2111 suta
607 2049 645 2110 de
664 2045 816 2110 lacernis?

289 2131 347 2193 Vel
365 2134 492 2195 mantilia
514 2134 664 2196 luridaeve
685 2151 823 2215 mappae,

291 2215 417 2279 Chartae
440 2218 645 2281 Thebaicaeve
669 2214 846 2280 caricacve‘l

289 2300 439 2382 Nusquam
459 2304 574 2365 turbine
597 2303 731 2364 conditus
752 2304 848 2363 menti

288 2385 448 2448 Prunorum
469 2389 578 2466 globus
599 2398 686 2467 atque
710 2384 921 2449 coctanorumi

288 2468 356 2530 Non
378 2471 523 2548 ellychnia
545 2473 643 2547 sicca,
666 2489 725 2532 uon
747 2472 892 2549 replictae

287 2553 445 2616 Bulborum
464 2557 580 2616 tunicae
601 2574 656 2617 nec
678 2574 734 2617 ova
755 2551 885 2616 tantum?

287 2637 354 2698 Non
375 2638 458 2699 leves
480 2641 574 2701 alicae
595 2658 652 2701 nec
673 2659 811 2720 asperum
830 2636 896 2700 lari

288 2721 436 2803 Nusquam
458 2723 608 2804 Cinyphiis
625 2734 731 2803 vagata
754 2724 866 2804 campis

289 2805 448 2869 curvarum
468 2811 569 2877 domus
589 2810 645 2872 uda
666 2806 875 2871 cochleamm?

287 2891 354 2954 Non
374 2895 484 2956 lardum
506 2896 597 2956 breve
620 2895 765 2957 debilisve
787 2889 901 2975 perna‘i

285 2977 353 3039 Non
373 2978 533 3059 Lucanica,
555 2998 613 3041 uon
634 2977 743 3060 graves
764 2979 901 3056 Pbalisci,

286 3061 353 3123 Nou
372 3065 432 3140 sal,
454 3081 655 3145 oxyporumve
677 3084 834 3143 caseusrc,

286 3147 346 3207 Aut
368 3166 460 3227 panes
479 3150 627 3211 viridantis
649 3150 821 3231 aphronitri,

286 3231 344 3292 Vel
365 3250 483 3311 passum
503 3235 626 3313 psythiis
652 3236 712 3295 suis
731 3244 892 3310 recoctum,

286 3316 372 3378 Dulci
394 3317 508 3378 deiruta
529 3320 579 3379 vel
599 3319 697 3379 lutosa·
716 3318 834 3381 oceno?

287 3400 429 3475 Quantum
448 3402 498 3463 vel
519 3402 589 3463 dare
611 3420 717 3464 cereos
741 3405 862 3466 olentes·

288 3484 446 3547 Cultellum
466 3495 608 3548 tenuesve
629 3487 806 3550 codicillos?

286 3568 419 3649 Ollares,
442 3589 533 3650 rogo,
556 3589 615 3633 uon
638 3573 748 3634 licebat
770 3591 853 3651 uvas,

287 3653 416 3717 Cumano
436 3659 548 3736 patinas
571 3658 599 3717 iu
622 3656 695 3719 orbe
713 3668 816 3736 tortas,
929 3716 934 3724 ,

286 3740 345 3800 Aut
363 3759 448 3804 uuam
470 3742 540 3805 dare
561 3741 711 3820 synthesim
730 3777 773 3793 -ι
792 3744 861 3824 quid
882 3742 1008 3805 horreri
1029 3782 1073 3795 -
