3134 4434
610 449 806 501 cremnon
825 450 859 502 n.
876 450 910 504 v.
1199 441 1270 505 ‘113

331 603 410 679 Quid
430 601 559 667 referam
576 606 730 685 expositos
751 616 870 669 servato
891 596 1024 687 pondere
1046 606 1166 669 mores?

265 689 350 765 Quae
372 689 488 770 pietas,
510 706 596 768 quam
614 690 674 750 vile
694 689 820 769 lucrum,
844 709 920 771 quae
943 709 1011 754 cura
1033 693 1176 773 pudoris?

265 772 399 849 Quantus
418 784 503 834 ‘amor
524 774 614 854 recti,
637 792 816 854 rursusque,
837 775 887 837 ubi
906 776 993 838 dulce
1013 778 1131 855 remitti,

265 857 364 921 Gratia
385 874 462 937 quae
482 856 588 918 dictis?
607 859 712 919 Animo
732 877 818 937 quam
836 858 915 921 nulla
937 859 1097 922 senectus?

262 941 314 1003 His
331 941 390 1011 ¹tibi
411 956 467 1021 pro
488 943 599 1004 meritis
621 943 726 1005 iamam
745 943 907 1024 laudesque
929 944 1071 1023 benignas
1218 959 1271 1012 250

261 1024 357 1088 ludex
378 1044 449 1087 cura
470 1026 556 1087 deum
576 1027 716 1106 nulloque
739 1046 756 1087 e
776 1029 900 1090 vulnere
921 1031 1021 1089 tristes

263 1108 432 1172 Concessit.
476 1108 619 1190 Raperis,
640 1113 773 1189 genitor,
797 1129 856 1173 non
877 1112 991 1190 indigus
1014 1116 1089 1191 aevi,

262 1192 328 1255 Nou
349 1195 471 1271 nimius,
494 1196 634 1274 trinisque
656 1196 760 1257 decem
783 1197 976 1276 quinquennia
997 1198 1096 1259 lustris

262 1278 364 1340 Iuncta
385 1277 494 1339 ferens.
539 1280 601 1340 Sed
619 1298 666 1340 me
689 1283 783 1359 pietas
806 1300 957 1342 numerare
978 1282 1124 1364 dolorque

262 1361 329 1423 Non
351 1363 437 1439 sinit,
460 1362 596 1439 oPylias
615 1366 681 1424 aevi
701 1366 911 1426 transcendere
932 1374 1025 1426 metas
1173 1405 1177 1412 ·
1217 1378 1269 1433 255

262 1446 300 1508 El
322 1447 457 1508 Teucros
479 1465 609 1527 aequare
632 1467 737 1525 senes,
761 1467 778 1508 o
802 1451 890 1527 digne
910 1451 1012 1510 videre

262 1530 309 1592 lle
329 1531 471 1592 similem!
493 1531 555 1592 Sed
573 1550 630 1593 nec
655 1533 707 1594 leti
727 1533 779 1593 tibi
799 1535 883 1594 ianua
905 1534 1005 1596 tristis.

264 1614 383 1696 Quippe
406 1615 489 1677 leves
512 1633 620 1677 causae
641 1635 697 1679 nec
719 1620 819 1695 segnis
842 1617 910 1679 tabe
933 1619 1019 1679 senili

262 1697 367 1761 Exitus
388 1700 503 1760 instanti
524 1702 674 1779 praemisit
693 1702 823 1762 membra
845 1701 994 1782 sepulcro,

209 1831 214 1838 .
263 1782 323 1845 Sed
345 1791 376 1846 te
395 1793 499 1862 torpor
519 1784 598 1845 iners
620 1795 650 1846 et
670 1803 749 1846 mors
771 1788 878 1847 imitata
900 1789 1026 1865 quietem
1216 1797 1270 1854 260

224 1922 226 1926 .
260 1866 413 1949 Explicuit
432 1867 568 1948 falsoque
587 1869 652 1930 tulit
674 1870 727 1931 sub
749 1879 856 1931 tartara
878 1889 991 1931 somno.

326 1950 411 2027 Quos
434 1969 491 2030 ego
512 1962 579 2015 tuuc
602 1952 747 2032 gemitus?
770 1953 912 2015 Comitum
934 1974 1034 2016 manus
1057 1955 1142 2016 anxia
1165 1955 1246 2032 vidit,

260 2036 341 2098 llidit
360 2045 391 2096 et
413 2038 579 2118 exemplum
601 2040 738 2116 genetrix
759 2041 920 2118 gavisaque
941 2042 1032 2115 novit,

260 2121 345 2195 Quae
367 2121 493 2182 lamenta
515 2122 578 2184 tuli.
621 2123 743 2183 Veniam
764 2124 938 2199 concedite,
959 2142 1071 2199 manes,

258 2205 316 2267 Fas
340 2204 467 2282 dixisse,
489 2217 589 2285 pater,
610 2224 669 2266 uon
690 2217 720 2267 tu
742 2208 810 2266 mihi
831 2207 914 2285 plura
935 2207 1079 2267 dedisses.
1215 2215 1268 2270 265

322 2287 410 2349 Felix
432 2289 483 2348 ille
504 2299 617 2369 patrem
637 2292 738 2351 vacuis
761 2290 952 2350 circumdedit
975 2291 1061 2367 uluis,

258 2373 360 2434 Vellet
383 2382 412 2433 et
432 2373 525 2449 elysia
547 2378 676 2453 quamvis
698 2377 727 2434 in
750 2375 822 2435 sede
846 2375 972 2436 locatum

257 2456 408 2537 Abripere
431 2465 461 2517 et
482 2457 598 2519 Danaas
620 2461 724 2519 iterum
746 2468 866 2538 portare
889 2478 943 2538 per
964 2457 1094 2526 umbras;

257 2541 461 2620 Temptantem
481 2550 511 2602 et
530 2545 615 2602 vivos
637 2545 767 2604 molitum
789 2545 818 2602 in
838 2553 944 2604 tartara
963 2562 1086 2622 gressus

257 2625 371 2685 Detulit
392 2625 522 2686 infernae
543 2637 628 2688 vates
649 2628 795 2705 longaeva
816 2625 938 2687 Dianae.
1215 2634 1268 2690 ato
1334 2638 1337 2642 ’

246 2711 289 2770 ‚Si
311 2708 419 2784 chelyn
441 2707 593 2785 Odrysiam
613 2713 699 2790 pigro
719 2713 877 2772 transmisit
898 2712 1018 2772 Averno

258 2792 357 2854 Causa
375 2794 485 2870 minor,
508 2795 534 2852 si
556 2794 736 2856 Thessalicis
757 2795 899 2856 Admetus
918 2797 946 2855 iu
967 2797 1039 2871 oris,

257 2879 290 2938 Si
312 2877 420 2937 coniux
441 2886 521 2937 retro
542 2878 720 2955 Phylaceida
739 2880 851 2939 rettulit
873 2878 1011 2955 umbram,

257 2959 318 3022 Gur
336 2959 405 3021 nihil
430 2971 551 3039 exoret,
574 2966 707 3040 genitor,
731 2963 834 3039 chelys
854 2972 901 3023 aut
922 2972 970 3022 tua
989 2979 1101 3038 manes,

255 3046 317 3105 Aut
338 3042 425 3105 mea?
447 3044 504 3106 Fas
526 3047 595 3107 mihi
616 3049 652 3108 sit
674 3050 785 3126 patrios
808 3048 979 3124 contingere
1003 3045 1112 3121 vultus,
1213 3053 1266 3109 275

255 3129 314 3189 Fas
334 3130 462 3190 iunxisse
481 3148 599 3208 manus,
624 3141 653 3192 ct
671 3132 722 3192 lex
745 3149 949 3211 quaecumque
972 3132 1119 3209 sequatur.

320 3213 362 3272 dc
380 3230 452 3290 ros,
472 3214 637 3277 umbrarum
658 3234 748 3294 reges
771 3224 949 3293 aeternaque
967 3215 1039 3276 luno
1059 3249 1100 3260 -·-

256 3298 289 3359 Si
311 3296 455 3359 laudanda
480 3317 588 3377 precor
609 3334 653 3345 -
673 3301 773 3360 taedas
797 3299 910 3359 auferte
932 3317 1090 3378 comasque

254 3381 462 3442 Eumenidum:
485 3383 565 3447 uullo
586 3394 671 3444 sonet
692 3402 781 3463 asper
802 3385 906 3442 ianitor
928 3385 994 3444 orel

255 3463 479 3545 Centaurosque
501 3467 678 3548 Hydraeque
700 3486 811 3545 greges
835 3467 1031 3547 Scyllaeaque
1052 3476 1180 3528 monstra
1212 3475 1265 3529 980

253 3550 389 3610 Aversae
413 3551 510 3612 celent
528 3553 639 3629 valles,
663 3553 851 3631 umbramque
875 3554 998 3614 senilem

253 3633 361 3694 luvitet
384 3635 474 3714 ripis,
496 3636 629 3697 discussa
652 3636 759 3716 plebe,
783 3639 927 3715 supremis

253 3716 368 3779 vector
390 3728 420 3778 et
442 3719 470 3778 iu
489 3721 584 3785 media
607 3730 763 3804 componat
785 3719 912 3784 molliter
934 3722 1011 3800 alga.

297 3822 447 3867 arsurus.
470 3824 492 3864 1.
1083 3800 1110 3863 b
