3134 4434
296 446 358 511 228
631 462 663 509 r.
686 461 820 509 curuum
841 460 959 511 suurn

296 617 451 685 Conditom
473 615 503 676 bi
526 617 629 694 sertis,
650 617 680 679 bi
697 617 776 677 veris
798 616 911 677 honore
934 617 1061 679 solutos

293 702 487 764 Accumulant
508 710 587 763 artus
606 702 757 781 patriaque
778 702 901 763 insede
922 714 1086 780 reponunt

296 788 412 867 Corpus
434 786 599 855 adoratum;
620 795 757 865 repetunt
775 804 843 847 mox
865 785 945 847 bella
962 792 1110 866 peractis
1269 798 1306 855 llt

293 871 454 940 Laudibus;
477 871 524 932 hio
545 873 622 933 victa
644 875 760 949 genitor
782 871 969 932 lacrimabilis
993 873 1042 935 ira

295 955 465 1034 congemit,
488 965 517 1016 et
536 957 652 1017 tandem
670 957 753 1016 matri
775 956 840 1017 data
859 955 932 1016 llere
954 966 1125 1034 potestas:

358 1040 574 1101 ‘lustralemne
596 1041 667 1102 feris
690 1050 813 1118 egeto,
836 1058 910 1120 puer
928 1040 1052 1118 inclite,
1082 1042 1207 1107 Thebis

293 1128 497 1205 Devotumque
517 1134 605 1205 caput
625 1126 692 1186 uilis
713 1145 768 1186 ceu
789 1134 881 1188 mater
903 1124 1044 1187 alebam?

294 1212 381 1286 Quod
400 1210 498 1272 molita
520 1206 624 1271 nefas?
646 1210 692 1271 cui
711 1220 819 1271 tantum
841 1211 933 1273 invisa
952 1209 1110 1273 deorum?
1266 1223 1303 1280 tut

293 1297 360 1357 Non
384 1313 441 1373 ego
464 1295 649 1356 monstrifero
669 1296 746 1356 coitu
767 1295 901 1356 revoluta
921 1297 1026 1357 notavi
1359 1300 1363 1305 ’

293 1382 436 1459 Pignora,
458 1399 514 1441 nec
536 1390 604 1440 nato
626 1382 730 1459 peperi
751 1380 866 1441 funesta
886 1389 1025 1459 nepotes.

294 1465 370 1539 Quid
386 1462 498 1525 refert‘l
514 1464 603 1528 babet
624 1483 698 1525 ecce
719 1481 788 1526 suos
811 1464 942 1542 Iocasta,
964 1464 1134 1547 ducesque

293 1549 521 1629 Regnantesque
541 1549 637 1619 videt:
658 1568 713 1611 nos
733 1568 822 1610 saeva
840 1549 955 1629 piacula
978 1547 1067 1611 bello

293 1635 415 1709 Demus,
428 1643 458 1694 ut
472 1635 591 1696 alternis
601 1635 751 1714 -placet
765 1634 824 1695 hoc
838 1634 900 1710 tibi,
916 1632 1047 1695 fulminis
1057 1648 1189 1719 auctor,
1203 1677 1246 1689 -
1263 1653 1302 1708 ooo

296 1719 501 1798 Oedipodionii
523 1729 632 1780 mutent
650 1720 812 1781 diademata
832 1718 949 1779 fratres.

295 1802 372 1880 Quid
393 1822 517 1884 superos
538 1803 709 1865 hominesve
730 1800 860 1884 queror?
882 1813 929 1881 tu,
952 1821 1046 1865 saeue
1070 1805 1262 1891 Menoeceu,

294 1889 338 1950 'lu
359 1889 581 1951 miseramente
603 1905 704 1949 omues
725 1889 892 1969 properasti
913 1889 1097 1966 extinguere
1119 1908 1259 1961 matrem.

295 1973 379 2035 Unde
399 1972 446 2033 bic
469 1975 569 2034 mortis
591 1970 693 2035 amor?
715 1991 791 2052 quae
813 1992 897 2035 sacra
918 1975 1030 2035 insania
1053 1980 1180 2042 menti?

296 2058 417 2134 Quosve
437 2076 494 2136 ego
515 2068 693 2138 conceptus,
715 2069 763 2120 aut
786 2077 862 2139 quae
881 2057 956 2119 male
978 2059 1116 2138 pignora
1137 2067 1204 2128 fudi
1263 2078 1303 2133 toi

296 2142 367 2204 Tam
384 2143 500 2205 diversa
519 2141 607 2205 nihi?
629 2144 759 2205 nimirum
775 2141 895 2205 Martius
916 2144 1031 2222 anguis,

296 2226 438 2306 Quaeque
459 2231 543 2290 nouis
560 2246 700 2308 proavum
722 2228 812 2289 tellus
833 2227 961 2289 effloruit
981 2231 1085 2292 armis.

296 2312 369 2372 Hinc
394 2314 479 2373 animi
499 2315 597 2373 tristes
619 2315 779 2392 nimiusque
802 2315 831 2373 in
856 2322 979 2392 pectore
999 2312 1144 2397 Mavors,

295 2396 333 2457 lit
353 2398 390 2458 de
408 2407 499 2458 matre
521 2398 606 2467 nihil;
629 2408 735 2477 sponte
757 2416 794 2458 eu
813 2397 947 2477 ultroque
968 2413 1153 2483 peremptus

296 2481 438 2560 lnrumpis
460 2493 589 2543 moestas
609 2483 675 2543 fatis
697 2482 861 2543 nolentibus
881 2482 1006 2543 umbras.
1263 2504 1302 2560 gqq

297 2566 353 2625 Ast
375 2576 492 2644 egomet
512 2567 629 2628 Danaos
650 2565 847 2647 Capaneaque
868 2566 927 2628 tela
949 2567 1092 2630 verebar.

296 2650 378 2710 Haec
401 2660 479 2729 erat,
498 2652 573 2714 haec
592 2653 746 2713 metuenda
767 2671 867 2713 manus
890 2652 1078 2732 ferrumque,
1107 2664 1196 2739 quod
1217 2682 1301 2727 amem

297 2734 365 2813 lpsa
388 2736 468 2804 dedi;
491 2737 604 2813 videm,
626 2747 656 2798 ut
677 2737 776 2814 iugulo
799 2738 1012 2816 consumpserit
1034 2745 1170 2809 ensem?

297 2819 393 2880 Altius
416 2820 493 2883 baud
516 2824 666 2901 quisquam
686 2822 816 2883 Danaum
835 2838 973 2882 mucrone
996 2823 1164 2891 subisset?

361 2906 483 2967 Diceret
503 2907 606 2969 infelix
625 2910 778 2968 etiamnum
794 2916 824 2968 et
841 2915 943 2968 cuncta
958 2907 1099 2987 repleret
1263 2928 1301 2985 815

298 2990 471 3064 Questibus;
493 2992 640 3053 abducunt
661 2993 783 3054 comites
803 2985 987 3070 famulaeque
1012 3010 1167 3071 perosam

298 3075 435 3135 solantes
452 3076 637 3156 thalamoque
658 3086 772 3146 tenent;
792 3077 877 3138 sedet
899 3085 980 3137 eruta
1000 3079 1095 3140 multo

297 3158 402 3236 Ungue
424 3179 532 3238 genam
552 3180 609 3222 non
630 3162 681 3223 illa
702 3161 796 3237 diem,
818 3179 876 3222 non
897 3161 989 3223 uerba
1006 3179 1197 3241 prccantum

299 3243 448 3325 Respicit,
473 3257 520 3306 aut
540 3248 619 3307 visus
641 3246 732 3307 flectit
753 3246 861 3307 tellure
883 3247 1016 3324 relictos,

300 3329 360 3389 lam
379 3333 479 3406 vocis,
501 3332 557 3393 iam
576 3333 680 3393 mentis
701 3333 796 3410 inops.
839 3332 888 3393 Sic
907 3349 1014 3409 aspera
1034 3334 1129 3413 tigris
1264 3353 1303 3411 aa

300 3413 441 3475 Foetibus
461 3414 592 3494 abreptis
611 3416 751 3493 Scythico
771 3416 890 3478 deserta
910 3415 964 3476 sub
985 3425 1072 3479 autre

300 3500 435 3561 Accubat
458 3509 487 3561 et
508 3501 598 3580 tepidi
620 3502 720 3563 lambit
740 3500 865 3579 vestigia
887 3503 963 3571 saxi3

299 3584 447 3663 Nusquam
470 3587 550 3661 irae,
572 3587 648 3655 sedit
668 3586 766 3648 rabies
786 3585 945 3665 feritasque
966 3584 1130 3671 famesque

302 3667 383 3744 Oris,
407 3679 475 3729 eunt
496 3678 614 3748 praeter
634 3689 739 3732 secura
759 3679 887 3733 armenta
905 3689 1092 3750 gregesque.

296 3752 435 3835 Adspicit
455 3754 506 3821 illa
528 3756 646 3828 iacens.
666 3756 719 3819 ubi
739 3758 836 3835 euim,
853 3755 958 3832 quibus
975 3754 1075 3821 ubera
1096 3780 1226 3849 pascat,
1265 3778 1305 3837 eti
