3134 4434
324 431 384 495 112
659 446 692 495 Ρ.
714 416 850 502 uarium
870 447 986 499 suasu

323 601 447 665 Sustulit
469 610 499 662 et
519 601 579 663 late
601 601 723 664 miseras
745 603 852 666 deiecit
872 604 902 664 in
921 604 1032 673 urbes„

384 685 433 748 lile
456 704 573 766 quoque
593 688 716 749 vocales
738 688 824 749 lucos
846 689 1026 768 lustrataque
1046 687 1157 769 'lempe

321 773 503 850 Pulsantem,
525 791 612 852 quum
633 775 725 853 stirpe
748 783 796 834 tua
818 774 999 835 descendere
1020 774 1090 850 dixi,

321 859 477 920 Admisere
499 858 586 928 deae3
610 877 666 918 nec
686 859 761 919 enim
778 859 847 919 mihi
864 860 961 921 sidera
982 868 1090 920 tantum

321 944 518 1022 Aequoraque
541 952 570 1003 et
587 952 697 1018 terras,
721 961 807 1022 quam
826 962 880 1004 vos
900 944 1010 1005 debere
1029 944 1151 1023 parenti.

322 1028 365 1089 'lu
384 1029 474 1088 decus
491 1028 548 1088 boc
571 1028 781 1107 quodcumque.
795 1029 877 1104 lyrae
899 1033 1066 1108 primusque
1087 1028 1192 1088 dedisti

321 1113 388 1175 Non
409 1113 532 1190 vulgare
553 1113 635 1192 loqui
657 1122 687 1173 et
708 1113 813 1172 famam
833 1133 954 1192 sperare
978 1115 1125 1192 sepulcro.

323 1198 425 1274 Qualis
448 1216 531 1273 eras,
553 1197 652 1258 Latios
675 1199 810 1276 quotiens
832 1216 890 1275 ego
915 1201 1041 1259 carmine
1065 1207 1165 1277 patres

320 1283 497 1357 lllulcerem‚
519 1282 651 1362 felixque
674 1283 715 1342 tui
736 1290 889 1360 spectator
911 1284 1033 1343 adesses

320 1367 464 1436 Muneris;
487 1367 543 1427 heu
565 1367 643 1447 quali
663 1367 802 1427 confusus
823 1367 928 1444 gaudia
950 1367 1031 1444 lletu,

320 1455 397 1514 Vota
420 1453 543 1531 piosque
566 1462 659 1514 metus
681 1454 756 1512 inter
778 1451 944 1531 laetumque
966 1454 1120 1531 pudorem!

322 1538 424 1613 Qualis
446 1546 474 1597 et
495 1537 548 1598 ille
570 1539 649 1614 dies,
677 1555 734 1616 qua
755 1555 815 1597 non
837 1538 904 1598 mibi
925 1537 1020 1615 gloria
1038 1539 1143 1598 maior!

320 1623 400 1685 'l'alis
423 1621 594 1702 Olympiaca
615 1623 751 1682 iuvenem
771 1639 857 1700 quum
879 1631 995 1702 spectat
1017 1640 1105 1684 arena

320 1708 377 1783 Qui
398 1708 514 1784 genuit,
536 1707 602 1786 plus
624 1708 689 1785 ipse
707 1707 792 1783 ierit,
814 1706 880 1785 plus
901 1707 991 1767 corde
1013 1707 1066 1768 sub
1089 1708 1148 1769 alto

321 1791 476 1860 Caeditur;
501 1793 650 1852 attendunt
671 1793 773 1867 cunci3
798 1801 949 1870 spectatur
971 1790 1098 1852 athletes

319 1879 375 1939 Ille
396 1878 506 1954 magis,
530 1877 636 1936 crebro
657 1877 722 1937 dum
743 1876 850 1936 lumina
872 1877 1003 1954 pulveris
1024 1878 1127 1938 haustu

320 1962 423 2022 Obruit
445 1971 474 2022 et
495 1980 602 2040 prensa
624 1970 714 2022 vovet
736 1961 873 2038 expirare
896 1978 1015 2021 corona.

318 2046 375 2108 llei
395 2046 463 2107 mibi
484 2047 562 2126 quod
582 2055 690 2107 tantum
708 2047 817 2125 patrias
838 2063 896 2124 ego
915 2047 1027 2107 vertice
1046 2047 1166 2108 frondes

320 2133 450 2211 Solaque
472 2129 658 2193 Chalcidicae
678 2128 813 2192 Cerealia
835 2130 911 2192 dona
933 2148 1061 2192 coronae

320 2217 363 2278 'le
387 2217 440 2278 sub
459 2226 536 2277 teste
557 2218 624 2278 tuli!
658 2216 781 2291 Qualem
803 2225 833 2275 te
856 2215 1007 2278 Dardanus
1029 2216 1126 2277 Albae

318 2302 377 2363 Vix
398 2304 528 2382 cepisset
550 2321 637 2380 ager,
661 2303 758 2381 siper
778 2320 825 2361 me
847 2310 924 2361 serta
946 2301 1066 2362 tulisses

321 2387 468 2448 Caesarea
489 2388 593 2447 donata
614 2386 713 2447 manu!
738 2385 824 2460 Quod
847 2385 975 2448 subdere
998 2386 1088 2447 robur

318 2472 373 2533 llla
391 2473 471 2548 dies,
496 2481 630 2551 quantum
650 2472 743 2550 potuit
764 2471 928 2550 dempsisse
951 2468 1110 2532 senectae?

319 2557 383 2616 Heu
405 2557 484 2635 quod
504 2575 551 2616 me
567 2559 655 2616 mixta
676 2573 802 2634 quercus
823 2572 882 2615 non
902 2558 1010 2634 pressit
1031 2556 1120 2633 oliva,

319 2641 358 2701 Et
379 2641 452 2718 fugit
474 2640 740 2719 speratushonos,
764 2658 851 2719 quum
871 2639 961 2701 lustra
983 2643 1114 2720 parentis

319 2725 418 2786 lnvida
438 2726 555 2804 Tarpeii
577 2724 727 2786 canerem!
750 2723 793 2785 'le
813 2734 913 2784 nostra
935 2728 1074 2803 magistro

211 2871 217 2879 ,
320 2811 448 2872 'l'bebais
470 2809 594 2888 urgebat
615 2811 777 2888 priscorum
800 2810 922 2870 exordia
942 2820 1054 2879 vatum;

321 2896 364 2957 'lu
382 2907 482 2957 cantus
502 2896 649 2957 stimulare
670 2912 770 2970 meos,
793 2904 823 2955 tu
845 2895 975 2975 pandere
995 2896 1073 2956 facta

317 2982 447 3042 Heroum
467 2981 597 3061 bellique
617 2981 721 3042 modos
742 2981 914 3060 positusque
935 2981 1067 3041 locorum

320 3065 514 3128 Monstrabas.
558 3066 649 3127 babet
670 3068 783 3126 incerto
806 3065 875 3125 mibi
897 3065 986 3126 limite
1010 3082 1112 3126 cursus

320 3150 363 3211 'le
385 3155 465 3227 sine,
489 3160 518 3211 et
540 3151 662 3212 orbatae
683 3151 809 3228 caligant
829 3151 897 3211 vela
920 3153 1046 3211 carinae.

383 3235 448 3296 Nec
468 3236 562 3295 solum
584 3237 665 3313 larga
683 3245 790 3296 memet
811 3237 920 3315 pietate
939 3235 1074 3312 fovebas,

319 3321 399 3382 Talis
422 3331 451 3381 et
473 3323 501 3380 in
520 3320 671 3381 thalamos.
715 3320 779 3381 Una
800 3320 852 3380 tibi
872 3321 988 3397 cognita
1006 3321 1091 3380 taeda

320 3405 467 3482 Conubia,
490 3425 562 3465 unus
584 3423 673 3464 amor.
719 3403 809 3465 Certe
828 3406 982 3482 seiungere
1002 3413 1122 3465 matrem

317 3491 378 3552 lam
396 3491 503 3569 gelidis
523 3508 640 3570 nequeo
662 3490 770 3558 bustis:
792 3500 822 3551 te
845 3492 933 3549 sentit
954 3490 1112 3569 habetque,

319 3577 363 3638 'l'e
383 3577 464 3637 videt
484 3585 513 3636 et
531 3576 656 3635 tumulos
678 3585 802 3654 ortuque
825 3574 965 3654 obituque
982 3575 1098 3651 salutat,

318 3662 356 3723 Ut
375 3661 495 3723 Pharios
517 3661 592 3722 aliae
615 3661 682 3722 licta
704 3662 814 3740 pietate
836 3660 956 3721 dolores

317 3745 551 3828 Mygdoniosque
571 3746 670 3809 colunt
691 3755 720 3806 et
742 3762 800 3807 nou
822 3764 875 3811 sua
896 3745 997 3809 lunera
1022 3745 1146 3825 plorant.
1174 3771 1181 3829 '.
