3134 4434
588 460 789 511 uuummos
811 462 883 509 urs.
904 460 966 508 x11.
1214 446 1275 509 255

281 619 430 696 Accubat,
451 619 648 696 laudaliter,
670 634 755 696 quam
777 634 864 695 quum
884 615 1073 698 poscentibus
1094 617 1180 677 astris

280 708 386 767 Laetus
408 706 582 765 inaccensa
604 704 691 763 iacuit
713 701 877 777 Tirynthius
900 700 983 762 Oeta.

281 792 434 871 spirantes
454 807 543 869 super
564 788 685 853 inferias
705 788 823 866 captiva
838 785 994 864 Pelasgum

283 875 418 954 Corpora
439 874 630 952 frenatosque
650 881 749 951 pater,
772 871 877 931 solatia
898 871 970 930 sorti

280 960 446 1036 Bellorum,
466 957 611 1019 mactabat
631 974 739 1035 equom
760 955 805 1016 lris
823 955 928 1016 arduus
948 955 1025 1032 ignis
1245 965 1279 1022 70

282 1045 422 1124 Palpitat,
442 1052 471 1102 et
489 1043 614 1121 gemitus
635 1041 753 1102 tandem
772 1058 899 1120 empere
920 1043 1051 1119 paterni:

346 1127 384 1187 <0
406 1128 461 1187 uisi
480 1127 674 1204 magnanimus
692 1133 790 1186 tautae
810 1135 839 1185 te
861 1124 953 1186 laudis
971 1125 1074 1188 inisset

283 1213 397 1290 Ardor,
418 1208 579 1273 Echionios
598 1228 712 1271 mecum
731 1209 898 1271 venerande
919 1220 1042 1289 penates

283 1299 381 1377 Atque
404 1297 479 1357 ultra
498 1305 616 1357 recture
637 1314 728 1375 puer,
750 1295 895 1354 venientia
916 1296 964 1374 qui
984 1315 1061 1358 nuuc

285 1381 393 1444 Gaudia
414 1390 443 1441 et
462 1382 604 1459 ingratum
624 1381 707 1458 regui
728 1379 798 1439 mibi
815 1398 916 1439 munus
939 1381 1072 1442 acerbas.
1246 1388 1280 1444 to

285 1467 328 1526 Tu
351 1484 486 1545 superum
505 1482 637 1526 convexa
656 1466 726 1526 lieet
747 1473 908 1542 coetusque
931 1467 1064 1544 pereuni,
1138 1496 1141 1497 ν

287 1550 384 1611 Credo
407 1550 556 1628 equidem,
577 1550 683 1610 virtute
706 1549 804 1624 colas,
827 1549 894 1609 mibi
915 1548 1016 1611 debile
1037 1569 1155 1631 semper

285 1635 398 1695 Numen
420 1637 494 1704 eris;
517 1643 626 1714 ponant
643 1652 709 1694 aras
730 1633 909 1712 excelsaque
934 1632 1054 1698 Thebae

287 1720 407 1799 Templa
429 1719 539 1788 dicent;
562 1719 610 1779 uui
631 1719 676 1780 fas
699 1719 736 1779 sit
756 1719 860 1796 lugere
881 1720 1004 1797 parenti.

239 1866 243 1872 .
285 1805 325 1866 Et
345 1823 420 1865 nunc
442 1804 595 1883 beuquae
616 1804 704 1882 digua
723 1803 775 1863 tibi
797 1803 948 1864 sollemnia
970 1823 1081 1883 quasve
1246 1813 1281 1867 80

284 1890 404 1967 Largiar
425 1885 588 1968 exequias?
609 1906 666 1949 uec
689 1890 715 1948 si
736 1887 843 1964 fatale,
865 1896 1007 1967 potestas,

286 1975 385 2051 Argos
405 1983 436 2033 et
456 1973 586 2053 inpulsas
610 1974 700 2033 cineri
717 1973 843 2033 miscere
864 1971 1014 2050 Mycenas,

286 2057 393 2136 Meque
415 2076 520 2137 super,
544 2057 593 2117 cui
610 2058 685 2134 vita,
707 2056 804 2117 uelasl
827 2065 856 2116 et
873 2059 1012 2135 sauguine
1034 2059 1092 2117 uati

286 2143 389 2203 Partus
410 2141 513 2202 bonos.
556 2141 704 2202 Eademne
726 2142 805 2217 dies,
829 2140 931 2202 eadem
953 2143 1029 2220 inpia
1050 2142 1129 2203 bella

288 2228 349 2303 Te,
371 2245 461 2306 puer,
485 2235 514 2286 et
533 2225 613 2286 diros
633 2228 740 2286 misere
760 2228 790 2285 iu
811 2231 916 2286 tartara
935 2223 1062 2286 fratres?
1247 2237 1281 2290 85

287 2311 326 2372 Et
346 2330 421 2371 nunc
441 2309 586 2390 Oedipodi
608 2329 660 2390 par
682 2320 729 2370 est
748 2309 863 2371 fortuna
885 2310 996 2371 doloris

288 2396 334 2456 Ac
354 2395 436 2465 mibi;
461 2414 545 2475 quam
569 2396 678 2456 similes
699 2396 857 2473 gemimus,
879 2395 956 2455 bone
977 2394 1122 2474 luppiter,
1145 2391 1281 2455 umbras?

287 2481 417 2560 Accipe,
440 2490 524 2557 nate,
546 2482 587 2541 tui
607 2499 682 2541 nova
702 2480 857 2541 libamenta
878 2481 1023 2560 triumphi,
1283 2546 1288 2553 ‚

287 2566 416 2644 Accipe,
439 2574 470 2626 et
489 2565 546 2625 boc
567 2567 698 2644 regimen
719 2565 840 2627 dextrae
859 2565 1021 2645 frontisque
1043 2565 1188 2645 superbae

286 2650 426 2727 Vincula,
453 2668 528 2730 quae
552 2653 625 2730 patri
645 2651 760 2711 nimium
780 2651 922 2728 gestanda
943 2651 1058 2711 dedisti.
1249 2659 1284 2713 90

288 2734 402 2811 Regem
421 2745 467 2811 te,
489 2754 589 2812 regem
608 2737 709 2796 tristes
726 2734 889 2796 ldteocleos
910 2735 1029 2795 umbrae

288 2818 482 2897 Adspiciunt?
526 2819 616 2880 Simul
636 2819 711 2880 baec
732 2820 832 2879 diceus
852 2821 1019 2897 crinemque
1039 2836 1209 2898 manumque

288 2903 434 2978 Destruit,
455 2921 637 2982 accensaque
658 2905 745 2962 iterat
763 2902 920 2964 violentius
940 2905 998 2965 ira:

290 2988 435 3047 ‘Saevum
455 2989 579 3066 agedum
598 2988 781 3066 inmitemque
801 2996 925 3064 vocent,
953 3005 1027 3047 nnuc
1051 2987 1152 3047 lunera
1173 2986 1285 3049 Lernae

289 3071 398 3132 Tecum
420 3071 524 3132 ardere
545 3081 630 3141 veto;
650 3071 758 3150 longos
776 3075 882 3133 utinam
903 3073 1013 3133 addere
1034 3089 1138 3131 seusus
1250 3082 1284 3137 95

290 3155 470 3236 Corporibus
493 3157 638 3236 coeloque
659 3159 765 3217 animas
786 3156 943 3236 Ereboque
964 3166 1105 3217 nocentes

288 3240 405 3301 Pellere
425 3241 487 3319 las,
508 3244 660 3322 ipsumque
681 3242 776 3319 ieras,
796 3243 889 3323 ipsum
910 3259 984 3303 unca
1000 3242 1151 3310 volucrum

290 3325 350 3386 Ora
366 3326 450 3404 sequi
471 3336 558 3406 atque
580 3336 658 3388 artus
677 3345 777 3405 regum
797 3337 958 3388 monstrare
979 3326 1130 3388 nefaudos.
1210 3348 1212 3352 ·

289 3409 345 3470 Hei
367 3411 450 3489 mihi,
473 3412 550 3492 quod
569 3413 683 3492 positos
703 3411 805 3471 humus
829 3411 903 3472 alma
922 3411 1044 3491 diesque
1067 3411 1198 3472 resolvit.

290 3494 388 3568 Quare
410 3497 512 3556 iterum
533 3507 671 3576 repetens
690 3497 852 3575 iterumque
875 3497 976 3558 edico:
997 3514 1132 3576 suprema
1235 3506 1286 3560 10⁰

289 3579 335 3639 Ne
356 3581 420 3659 quis
444 3598 502 3660 ope
523 3592 571 3643 aut
592 3582 712 3644 flammis
733 3583 808 3642 ausit
827 3582 936 3642 iuvisse
955 3581 1107 3659 Pelasgos,

289 3664 350 3726 Aut
368 3683 443 3725 uece
463 3665 541 3728 iacta
561 3667 622 3728 luet
642 3684 821 3746 numeroque
845 3667 977 3746 explebit
994 3668 1128 3744 adempta

291 3745 444 3830 Corpora,
466 3770 521 3832 por
541 3769 666 3834 superos
686 3771 884 3835 magnumque
900 3746 1181 3814 mouumentum?
