3134 4434
229 490 234 505 ,
318 437 357 498 74
654 446 685 495 P.
708 445 844 494 Pseuun
864 444 982 495 sunum

317 605 413 683 Ignis,
437 612 467 663 et
488 604 552 682 ipsa
570 621 657 665 meae
677 612 798 682 tepeant
815 601 868 663 tibi
887 601 986 664 sidera
1006 602 1137 665 brumae.

317 689 446 751 Moribus
468 696 555 766 atque
577 690 633 749 tuis
654 688 782 767 gaudent
801 697 971 766 turmaeque
992 688 1143 768 tribusque
1288 700 1321 757 25

317 773 519 853 Purpureique
541 783 658 854 patres,
684 774 839 853 lucemque
862 772 1018 834 acousule
1039 773 1119 834 ducit

319 860 418 919 Omnis
440 859 543 919 bonos.
579 858 655 933 Quid
676 859 752 935 tale,
776 875 894 938 precor,
915 860 997 938 prior
1017 877 1108 919 annus
1128 857 1281 923 habebut?

318 945 374 1006 Dic
396 962 469 1021 age,
492 942 584 1004 Roma
607 953 728 1023 potens,
751 953 781 1003 et
799 961 913 1003 mecum
935 943 1024 1022 longa
1044 953 1178 1006 vetustas

318 1030 475 1090 Dinumera
495 1029 603 1105 fastos,
626 1046 682 1088 nec
704 1046 795 1107 parva
814 1027 949 1107 exempla
969 1045 1106 1106 recense,
1141 1078 1144 1083 .

295 1123 300 1130 “
319 1116 380 1177 Sed
402 1132 477 1194 quae
501 1113 565 1174 sola
587 1131 669 1173 meus
689 1113 824 1191 dignetur
843 1114 963 1174 vincere
984 1111 1105 1174 Caesar.
1287 1124 1321 1180 3ο

320 1200 379 1261 l'cr
399 1199 497 1260 Latios
520 1198 680 1277 deciesque
700 1198 765 1259 tulit
786 1197 951 1259 labentibus
972 1199 1054 1259 anuis

318 1286 468 1362 Augustus
490 1283 604 1351 fascem
627 1282 681 1343 sed
704 1283 805 1363 coepit
827 1300 896 1342 sero
915 1285 1032 1361 mereri,

320 1369 363 1431 Tu
385 1369 498 1429 iuvenis
521 1385 717 1447 praegressus
738 1385 821 1428 avos.
860 1366 899 1427 Et
918 1377 1025 1446 quauta
1045 1385 1181 1446 recusas,

320 1454 433 1529 Quanta
452 1451 550 1513 retas!
590 1451 727 1512 Flectere
748 1461 845 1513 tamen
868 1453 1067 1533 precibusque
1085 1463 1207 1515 senatus

319 1539 472 1599 Permittes
494 1537 567 1597 hanc
587 1555 679 1616 saepe
698 1537 784 1598 diem.
824 1535 923 1598 Manet
943 1539 1063 1616 insuper
1086 1537 1161 1600 ordo
1289 1546 1321 1602 bt

319 1623 462 1700 Longior,
487 1632 517 1683 et
538 1622 656 1682 totidem
678 1621 751 1682 felix
769 1621 822 1682 tibi
839 1621 933 1683 Roma
955 1623 1071 1683 curules

319 1707 438 1786 Terque
461 1715 622 1787 quaterque
644 1704 733 1766 dabit.
764 1705 880 1767 Mecum
901 1707 994 1768 altera
1016 1707 1134 1770 saecula
1156 1706 1281 1785 condes,

318 1789 357 1852 Et
378 1792 431 1851 tibi
451 1792 589 1869 longaevi
609 1790 797 1851 revocabitur
819 1809 870 1852 ara
891 1791 1020 1853 Terenti.

319 1875 400 1936 lllille
421 1885 544 1956 tropaea
566 1875 667 1954 feres,
687 1884 795 1937 tantum
816 1877 951 1955 permitte
968 1878 1140 1958 triumphos.

320 1961 423 2022 Restat
439 1961 545 2023 Bactra
563 1962 664 2037 novis,
683 1970 776 2022 restat
794 1960 945 2036 Babylona
965 1962 1080 2023 tributis
1290 1970 1323 2026 Ab

319 2045 456 2116 Freuari;
477 2045 602 2107 nondum
623 2047 653 2106 iu
674 2047 789 2124 gremio
811 2044 890 2106 Iovis
911 2045 1010 2108 ludica
1033 2047 1144 2124 laurus,

304 2129 452 2192 ,Nondum
473 2130 588 2193 Arabes
607 2131 756 2210 Seresque
778 2140 894 2207 rogant,
917 2131 1043 2192 noudum
1068 2132 1161 2193 omnis
1182 2129 1323 2192 honorem

319 2216 417 2277 Annus
437 2217 542 2293 babet,
566 2217 743 2296 cupiuntque
765 2216 868 2277 decem
887 2224 936 2276 tua
954 2218 1070 2278 nomina
1091 2221 1234 2278 menses!

386 2303 435 2362 Sic
455 2301 556 2377 lanus,
579 2302 740 2380 clausoque
762 2301 859 2362 libens
881 2318 914 2360 se
936 2311 1024 2380 poste
1046 2302 1183 2381 recepit„

321 2386 401 2447 Turno
420 2384 521 2446 omnes
543 2396 665 2464 patuere
686 2385 769 2447 iores
792 2386 931 2464 laetoque
953 2385 1095 2447 dederunt
1263 2444 1266 2449 .
1291 2394 1324 2451 tu

320 2471 410 2549 Signa
432 2471 520 2549 polo,
540 2471 716 2549 longamque
738 2470 808 2548 tibi,
831 2489 886 2530 rex
905 2489 1028 2548 magne,
1051 2472 1197 2533 iuventam

319 2555 426 2615 Annuit
444 2563 531 2634 atque
553 2572 623 2615 suos
644 2555 776 2634 promisit
797 2555 927 2635 luppiter
949 2573 1050 2617 annos.

351 2699 391 2748 ΙΙ.
418 2695 727 2749 EUCHARISTICON
748 2696 800 2747 AD
821 2696 901 2749 IMP.
925 2696 1013 2751 Aoo.
1039 2698 1294 2753 GERMANICUM

690 2800 949 2853 DOMITIANUM.

382 2898 475 2978 Regia
496 2897 633 2958 Sidoniae
656 2898 790 2958 convivio
809 2897 907 2960 laudat
928 2896 1039 2975 Elisae,

320 2983 376 3057 Qui
397 3002 530 3062 magnum
549 2982 680 3044 Aeneam
700 2982 892 3044 Laurentibus
913 2982 1007 3043 intulit
1024 2983 1112 3058 arvis,
1213 2996 1218 3005 ’

319 3067 496 3147 Alcinoique
518 3068 610 3147 dapes
629 3085 764 3128 mansuro
788 3069 914 3128 carmine
937 3077 1078 3128 monstrat

319 3152 461 3231 Aequore
483 3155 531 3232 qui
555 3152 634 3213 lento
655 3154 796 3214 reducem
814 3153 995 3231 consumpsit
1014 3152 1136 3212 Ulixen:

320 3237 375 3297 Ast
397 3254 472 3314 ego,
496 3237 541 3296 cui
563 3255 667 3297 sacrae
690 3236 801 3299 Caesar
819 3255 895 3297 novu
916 3237 1021 3315 gaudia
1044 3253 1157 3297 coenae
1309 3248 1325 3302 5

318 3323 402 3384 Nunc
425 3324 546 3400 primum
569 3320 743 3400 dominaque
764 3322 845 3384 dedit
868 3339 1048 3398 consurgere
1071 3339 1184 3399 mensa,

320 3409 384 3483 Qua
407 3405 557 3467 celebrem
578 3423 644 3465 mea
666 3414 735 3467 vota
756 3406 838 3483 lpra,
862 3425 933 3486 quas
956 3407 1074 3467 solvere
1095 3416 1196 3484 grates

319 3487 488 3556 Sufficiam?
528 3490 612 3567 Non,
636 3492 660 3551 si
682 3492 794 3570 pariter
809 3492 877 3552 mibi
898 3493 1011 3551 vertice
1035 3492 1115 3552 laeto

319 3578 425 3638 Nectat
446 3576 580 3636 adoratas
603 3584 633 3636 et
655 3577 777 3652 Smyrna
795 3585 824 3636 et
841 3575 956 3638 Mantua
978 3576 1089 3654 lauros,

321 3663 417 3740 Digna
439 3662 552 3740 loquar.
592 3659 697 3722 Mediis
718 3662 823 3723 videor
845 3661 1030 3722 discumbere
1052 3663 1081 3720 in
1102 3661 1190 3723 nstris
1294 3672 1328 3726 1⁰

321 3745 393 3808 Cum
414 3745 485 3808 love
508 3755 537 3806 et
557 3743 646 3808 Iliaca
668 3756 838 3826 porrectum
856 3765 972 3808 sumere
994 3747 1097 3808 dextra
