3134 4434
283 449 345 511 250
503 534 506 539 ⁸
606 512 608 519 ,
633 463 665 512 n.
681 463 815 513 earnm
829 463 948 514 annun

342 619 461 681 Horruit
482 620 615 680 instinctu
636 618 755 695 rabido,
778 627 988 701 steteruntque
1012 631 1187 689 trementes

281 705 344 767 Ceu
366 707 429 764 visu
451 714 608 784 praesente
628 723 741 782 genae,
760 707 930 784 seniumque
955 713 1112 772 recessit.

282 791 363 852 Tunc
385 798 479 850 natam
499 790 691 868 baculpmque
713 807 798 850 manu
819 789 943 867 dimisit,
968 802 1003 852 et
1019 795 1094 857 irae
1238 803 1273 860 ot

280 876 397 937 Innixus
415 876 522 937 tumido
542 891 648 934 vocem
668 874 706 936 de
726 884 849 954 pectore
870 876 998 954 rumpit:

343 958 458 1020 ‘iamne
475 967 562 1021 vacat
582 959 714 1036 saevire,
738 956 858 1020 (ireoni
876 960 967 1021 modo
991 963 1121 1041 perlida
1144 983 1229 1044 regm

280 1044 484 1123 Fortunaeque
506 1044 602 1104 locum
623 1053 758 1121 nostrae,
777 1044 960 1122 miserande,
986 1046 1117 1126 subisti,

281 1128 320 1191 Et
339 1129 391 1190 tihi
412 1131 467 1189 iam
489 1127 533 1190 ias
556 1137 602 1188 est
622 1147 725 1206 regom
746 1127 864 1190 calcare
884 1127 1011 1190 ruinas?

281 1214 341 1276 lam
360 1213 475 1274 tumulis
496 1215 608 1289 victos,
630 1215 731 1273 socios
751 1215 808 1274 iam
828 1214 985 1274 moenibus
1007 1216 1134 1280 arces?
1240 1225 1273 1281 to

280 1298 395 1375 Macte,
416 1307 502 1378 potes
524 1298 611 1376 digne
631 1296 796 1360 Thebarum
816 1307 933 1377 sceptra
953 1301 1050 1360 tueri.

280 1384 362 1445 llaec
381 1391 429 1443 tua
448 1383 540 1462 prima
562 1382 635 1444 dies.
657 1382 718 1444 Sed
739 1401 792 1444 cur
812 1400 889 1444 nova
911 1384 1074 1447 contrahis
1100 1407 1205 1450 amens

281 1464 369 1530 lural
390 1467 458 1547 quid
478 1476 600 1546 anguste
622 1476 718 1529 tantos
738 1468 850 1528 metiris
869 1467 1027 1528 honores?

281 1553 407 1614 Exilium
424 1549 568 1613 intendis?
586 1553 684 1613 timida
704 1553 888 1614 inclementia
909 1571 1019 1631 regum
1075 1630 1078 1636 1

281 1637 355 1698 Ista!
379 1637 459 1697 ieros
479 1637 579 1699 avidus
599 1638 669 1717 quin
688 1638 820 1716 protinus
841 1637 937 1698 inbuis
958 1638 1086 1700 enses?
1244 1649 1275 1706 m

284 1720 399 1798 Crede,
419 1721 506 1798 licet,
526 1723 624 1782 veniat
645 1722 767 1802 cupidus
789 1740 895 1802 parere
914 1722 1046 1784 satelles

282 1806 506 1887 Intrepidusque
527 1816 611 1868 secet
632 1823 690 1866 uon
711 1808 848 1869 evitantia
870 1806 958 1867 eolla.

281 1890 399 1970 Incipe!
422 1910 458 1952 an
478 1900 637 1970 expectas,
659 1899 691 1952 ut
710 1909 820 1970 pronus
840 1890 975 1971 supplice
997 1893 1117 1958 dextra

284 1979 404 2039 Sternar
425 1985 455 2036 et
475 1976 581 2037 inmitis
598 1976 704 2036 domiui
720 1978 844 2054 vestigia
864 1974 1029 2055 quaeram?

283 2060 376 2138 Finge
398 2069 493 2121 autem
512 2070 671 2140 temptare,
690 2057 789 2121 sinesl
809 2060 915 2122 mihine
938 2061 1002 2122 ulla
1027 2064 1161 2127 minaris
1243 2071 1277 2128 ot

283 2144 433 2225 Supplicia
454 2154 503 2206 aut
523 2146 601 2207 ullos
619 2147 693 2208 reris
715 2163 874 2224 superesse
896 2143 1046 2207 timores?

282 2231 425 2308 Linquere
446 2239 523 2291 tecta
545 2227 648 2291 iubes?
670 2229 785 2291 coelum
806 2239 958 2309 terrasque
978 2232 1101 2312 reliqui

283 2317 412 2394 Sponte,
436 2325 522 2394 atque
543 2315 677 2376 ultricem
698 2315 825 2376 erudelis
847 2317 876 2375 in
899 2332 950 2376 ora
968 2320 1091 2379 retorsi

282 2399 348 2459 Non
366 2399 427 2459 ullo
447 2409 572 2477 cogente
592 2417 715 2462 manum.
754 2398 831 2473 Quid
851 2400 911 2460 tale
927 2398 1048 2478 iubere,

282 2483 349 2544 llex
370 2484 499 2560 inimice,
520 2481 628 2563 potes?
647 2484 729 2561 fugio
749 2483 923 2563 excedoque
944 2483 1087 2548 nefandis
1244 2497 1279 2555 ot

283 2567 425 2637 Sedibus;
447 2586 482 2627 an
506 2569 614 2644 refert,
639 2584 695 2648 qno
717 2568 820 2629 funera
840 2568 929 2647 longa
948 2587 1103 2651 measque

198 2709 202 2722 ,
283 2653 490 2731 Transportem
509 2650 667 2713 tenebras?
689 2671 726 2714 ue
749 2671 807 2713 uon
827 2671 900 2732 gens
921 2662 1028 2714 cuncta
1051 2664 1200 2735 precanti

282 2735 450 2815 concedat,
473 2738 585 2816 patriae
607 2747 741 2819 quantum
762 2738 979 2800 miser·incuho
1003 2743 1141 2805 terrae‘l

282 2823 342 2884 Sed
362 2821 464 2883 dulces
487 2821 624 2884 Thebae!
646 2824 777 2883 nimirum
796 2823 844 2883 hic
864 2822 971 2884 clarior
992 2833 1096 2905 ortus,

281 2906 320 2969 Et
339 2907 461 2968 meliora
479 2925 562 2969 meos
588 2908 771 2987 permulcent
792 2907 889 2968 sidera
907 2906 1016 2968 voltus.
1246 2922 1281 2978 pp

280 2991 334 3053 Hic
357 2994 491 3070 genetrix
512 2992 644 3071 natique;
666 2991 777 3052 habeas
800 2991 938 3053 Thebana
959 3010 1124 3074 regasque

280 3075 414 3154 lloeuia,
438 3095 494 3157 quo
517 3075 658 3154 cadmus,
681 3094 739 3156 quo
760 3076 845 3137 Laius
866 3078 960 3137 omine
978 3080 1063 3139 rexit

282 3160 406 3240 Quoque
428 3179 501 3241 ego;
522 3163 565 3222 sic
583 3161 742 3237 thalamos,
765 3163 809 3222 sio
827 3162 949 3241 pignora
972 3160 1033 3225 lida
1058 3183 1225 3248 capessas,

280 3243 344 3306 Nec
366 3245 417 3307 tihi
440 3249 476 3308 sit
498 3247 587 3307 virtus
608 3246 752 3307 fortunam
774 3246 901 3307 euadere
922 3245 1044 3316 dextra;

282 3330 341 3392 Sed
363 3331 457 3391 lucem
477 3333 639 3410 deprensus
660 3349 750 3391 ames.
792 3331 869 3392 Satis
891 3331 985 3391 omina
1007 3337 1112 3412 sanxi,
1246 3346 1282 3404 tot

281 3414 364 3494 Duo,
388 3432 460 3493 age,
480 3424 546 3477 nata
567 3416 685 3496 procul;
709 3415 777 3495 quid
799 3424 829 3475 te
846 3424 942 3475 autem
964 3415 1102 3480 luctibus
1128 3423 1233 3488 addo?

280 3499 341 3575 Da,
364 3519 417 3560 rex
435 3518 557 3578 magne,
577 3501 702 3560 ducem?
746 3499 850 3559 Timuit
869 3499 1035 3562 miseranda
1058 3506 1201 3591 relinqui

281 3583 427 3662 Antigone
447 3592 593 3662 mutatque
611 3603 736 3664 preces:
757 3582 888 3645 ‘Felicia
906 3602 961 3663 per
983 3594 1014 3644 te

281 3668 399 3747 Regna,
420 3668 549 3729 verende
571 3667 684 3744 Creon,
708 3678 882 3748 sanctasque
904 3668 1095 3737 Menoeceos
1123 3682 1256 3747 umbem

275 3752 322 3816 Da
346 3754 458 3818 ueniam
478 3752 590 3831 mureto
611 3753 759 3834 dictisque
776 3755 904 3831 ignosce
918 3754 1074 3828 superbis.
1246 3772 1283 3830 tit
