3134 4434
638 473 816 524 SILVARUM
835 477 867 524 L.
884 476 906 523 1.

262 630 300 693 Et
318 631 415 691 minor
436 631 466 689 in
487 629 574 708 leges
596 630 652 690 iret
672 649 766 708 gener
786 640 816 690 et
837 630 909 691 Cato
931 635 1046 692 eastris.

261 716 302 776 lt
323 716 449 776 laterum
471 733 577 794 passus
596 714 661 775 hinc
683 715 754 775 lulia
777 724 856 775 tecta
878 725 1003 792 tuentur,
1267 754 1271 761 -

261 799 347 861 Illinc
370 799 510 876 belligeri
533 799 664 859 sublimis
686 801 769 876 regia
792 800 883 860 Pauli.
1239 814 1274 866 30

262 883 362 962 Terga
384 892 470 964 pater
489 882 656 962 blandoque
677 884 756 943 videt
779 881 945 945 Concordia
967 886 1059 945 vultu.

323 969 397 1048 lpse
419 976 515 1027 autem
531 985 606 1045 puro
629 969 741 1028 celsum
764 978 856 1046 caput
875 988 944 1030 aere
968 979 1070 1048 septus

261 1052 387 1132 Templa
410 1051 598 1131 superfulges
620 1061 650 1111 et
671 1063 867 1131 prospectare
889 1054 1009 1129 videris,
1117 1114 1119 1119 ,

261 1138 310 1197 hu
329 1155 408 1198 nova
432 1138 607 1214 contemptis
630 1147 749 1214 surgant
771 1138 878 1216 palatia
901 1137 1021 1199 dammis

260 1222 431 1297 Pulchrins,
455 1238 492 1281 an
510 1223 599 1281 tacita
620 1222 723 1298 vigilet
746 1222 812 1282 lace
835 1221 959 1282 Troicus
976 1225 1056 1300 ignis
1236 1234 1271 1285 35

261 1306 360 1385 Atque
379 1304 549 1383 exploratas
568 1306 623 1364 iam
645 1305 743 1365 laudet
761 1306 853 1366 Vesta
874 1308 1028 1367 ministras.

261 1390 374 1452 Dextra
396 1399 476 1449 vetat
500 1407 629 1468 pugnas3
652 1391 764 1450 laevam
786 1389 914 1450 Tritonia
937 1393 1022 1468 virgo

260 1474 327 1535 Non
349 1482 454 1552 gravat
473 1483 502 1533 et
524 1483 625 1534 sectae
645 1474 811 1554 praetendit
830 1475 908 1535 oolla
931 1474 1083 1553 Medusae,

263 1557 324 1620 Oen
348 1557 470 1619 stimulis
493 1558 628 1618 accendit
651 1577 765 1637 equum.
809 1557 872 1619 Nec
892 1560 1006 1620 dulcior
1029 1580 1150 1640 usquam

258 1641 350 1703 Lecta
372 1643 447 1704 deae
467 1642 571 1717 sedes,
596 1660 651 1703 nec
673 1645 714 1719 sl,
739 1653 838 1722 pater,
866 1645 930 1722 ipse
953 1654 1082 1705 teneres.

260 1726 403 1803 Pectora,
427 1743 503 1805 quae
524 1727 621 1787 mnndi
640 1727 921 1788 valeant-evolvere
945 1747 1041 1804 curas,

260 1810 297 1872 ltt
318 1813 385 1891 quis
408 1829 441 1870 se
463 1812 538 1870 totis
553 1810 677 1872 Temese
690 1812 777 1873 ‚dedit
799 1813 901 1873 hausta
924 1814 1061 1889 metallis,

259 1896 284 1956 lt
306 1905 393 1973 tergo
418 1896 543 1955 demissa
564 1895 704 1972 chlamys.
744 1896 831 1957 Latus
856 1915 928 1956 ense
951 1900 1048 1976 quieto

259 1981 418 2047 Securum3
441 1997 561 2056 magnus
584 1991 690 2058 quanto
709 1999 851 2042 mucrone
874 1983 996 2042 minatur

262 2063 408 2125 Noctibus
429 2063 558 2123 hibernis
580 2074 609 2125 et
631 2065 728 2126 sidera
751 2075 843 2126 terret
863 2063 961 2126 Orion.

322 2149 364 2208 ht
385 2148 507 2226 sonipes
528 2148 643 2209 habitus
666 2152 835 2229 animosque
856 2151 979 2211 imitatus
1003 2160 1160 2230 equestres

259 2233 366 2293 Acrius
389 2233 496 2293 attollit
516 2232 613 2292 vultus
635 2253 810 2313 cursumque
829 2234 966 2304 minatum

261 2315 314 2377 Cui
336 2317 438 2394 rigidis
461 2326 536 2377 stant
559 2318 637 2378 colla
659 2318 734 2378 iubis
755 2319 898 2397 vivusque
919 2337 974 2398 per
993 2337 1088 2380 armos

258 2401 389 2481 Impetus
411 2411 440 2461 et
461 2403 546 2461 tantis
569 2402 733 2462 calcarihus
754 2403 803 2464 ilia
825 2402 884 2462 late

258 2486 424 2546 Sullectura
446 2495 556 2564 patent.
596 2486 716 2547 Vacuae
736 2505 792 2567 pro
817 2488 931 2565 cespite
952 2496 1050 2547 terrae

258 2570 359 2630 Aerea
382 2571 488 2649 captivi
512 2573 620 2630 crinem
640 2573 707 2631 terit
728 2572 836 2649 ungula
858 2571 961 2632 Rheni.

257 2654 341 2716 llunc
360 2662 391 2714 et
411 2654 572 2716 Adrasteus
595 2656 689 2716 visum
710 2657 891 2717 extimuisset
910 2657 1012 2731 Arion,

256 2737 295 2798 Et
316 2747 408 2817 pavet
429 2740 594 2818 adspiciens
615 2739 748 2800 ledaeos
769 2740 805 2801 ab
827 2741 901 2801 aede
923 2741 1086 2820 propinqua
1162 2788 1165 2793 .

249 2821 406 2899 'Cyllarus
447 2823 501 2884 Hie
523 2825 629 2884 domini
651 2843 804 2904 numquam
823 2828 942 2886 mutavit
960 2824 1090 2885 habenas

256 2906 421 2986 Perpetuus
442 2908 550 2984 irenis,
576 2918 670 2987 atque.
687 2914 734 2969 uni
755 2912 865 2971 serviet
886 2919 976 2970 astro.
1053 2956 1061 2967 .
1177 2973 1181 2978 ,

319 2991 379 3051 Vix
399 2992 464 3052 sola
486 2994 647 3070 sufficiunt,
671 2995 844 3072 insessaque
867 2994 1000 3072 pondere
1021 3001 1101 3052 tanto

258 3076 366 3136 Subter
388 3075 504 3137 anhelat
522 3077 639 3146 humum
662 3097 718 3139 nec
737 3078 817 3138 lerro
840 3087 888 3139 aut
909 3096 978 3138 aere
999 3075 1123 3151 laborat,

257 3161 317 3222 Sed
340 3163 444 3238 genio,
467 3170 565 3222 teneat
587 3165 716 3243 quamvis
739 3172 859 3224 aeterna
881 3163 1013 3242 crepido,

257 3243 341 3317 Quae
365 3246 562 3324 superingesti
583 3256 714 3326 portaret
735 3247 859 3309 culmina
877 3249 982 3307 montis

256 3327 457 3408 Goelileriqne
480 3333 576 3391 attrita
597 3350 674 3408 gerru
695 3331 828 3392 durasset
846 3331 983 3392 Atlantis.
1073 3382 1075 3387 .

254 3406 319 3474 Nec
342 3412 451 3491 longae
473 3424 591 3475 traxere
613 3434 723 3477 morae.
765 3415 847 3476 luvat
869 3418 933 3495 ipsa
954 3415 1073 3477 labores

255 3496 362 3558 Forma
384 3498 432 3558 dei
453 3517 612 3577 praesens,
635 3501 779 3579 operique
802 3502 912 3561 intenta
932 3501 1065 3560 iuventus

255 3580 378 3642 lliratnr
398 3582 464 3661 plns
486 3601 577 3663 posse
599 3603 709 3646 manns.
756 3586 868 3664 Strepit
890 3584 979 3644 ardna
1002 3583 1087 3662 pulsu

255 3664 404 3727 Machina:
435 3669 571 3729 continno
593 3679 708 3748 septem
728 3688 783 3749 per
804 3669 929 3729 culmina
950 3668 1055 3728 multus

255 3748 279 3810 lt
299 3750 403 3828 fragor
426 3761 455 3812 et
476 3771 599 3830 magnae
620 3755 710 3816 vincit
731 3772 807 3831 vaga
827 3770 971 3814 murmura
989 3751 1111 3810 Romae.
