3134 4434
334 438 372 497 14
674 451 859 498 P..PAP1N11
880 451 996 500 srnrrr

330 603 397 664 Non
416 622 541 665 renuere
562 620 687 683 gregem
710 607 804 685 ipsum
822 608 851 666 in
874 604 998 666 conubia
1020 616 1117 668 terrae
1260 606 1332 676 '185

331 688 480 765 Aethera,
503 707 590 767 quum
610 691 716 769 pluviis
737 700 890 750 rarescunt
909 690 1023 768 nubila,
1046 691 1143 753 solvo.

269 792 274 806 ¹
332 776 382 834 Sic
404 792 501 834 rerum
521 776 614 834 series
635 775 790 854 mundique
812 776 969 836 revertitur
989 783 1080 836 aetas.

329 859 414 920 Unde
431 860 542 918 'novum
563 858 669 919 Troiae
689 859 786 919 decus·
803 859 1011 938 ardentumque
1031 860 1151 922 deornm
1222 896 1225 901 ·

330 943 504 1021 Raptorem,
527 942 654 1020 Phrygio
676 944 702 1003 si
721 960 780 1003 non
800 961 857 1021 ego
879 946 1111 1028 iunctamarito,

329 1028 436 1103 Lydius
458 1028 533 1089 unde
554 1044 643 1087 meos·
658 1029 797 1089 iterasset
819 1027 913 1089 'libris
935 1025 1036 1089 lulosl
1101 1058 1108 1073 ν
1280 1045 1332 1099 190

330 1111 386 1186 Qut
408 1114 656 1190 septemgeminae
677 1115 827 1191 posuisset
847 1114 962 1173 moenia
983 1112 1094 1173 Romae
1164 1138 1167 1143 ·

327 1196 445 1275 Imperii
465 1196 577 1257 Latiale
599 1206 706 1276 capnt,¹
721 1198 776 1257 nisi
796 1183 932 1259 Dardana
946 1197 1030 1258 lurto

329 1279 467 1361 cepisset
485 1280 622 1358 Martem,
642 1300 698 1341 nec
715 1301 761 1342 rne
781 1281 972 1361 prohibente,
995 1280 1177 1343 sacerdos'l'

232 1411 236 1421 .
319 1416 323 1431 ,
391 1364 443 1425 llis
466 1365 574 1425 mulcet
594 1366 680 1426 dictis
698 1368 877 1445 tacitumque
899 1368 1021 1445 inspirat
1041 1365 1183 1427 honorem

328 1450 461 1513 Gonuhii.
508 1449 642 1511 Redeunt
663 1452 757 1511 animo
779 1453 835 1512 iam
859 1461 927 1511 rota
950 1468 1116 1530 precesque
1277 1465 1328 1518 195

326 1536 365 1597 Et
384 1535 522 1596 lacrimae
540 1535 705 1615 vigilesque
724 1537 779 1595 viri
800 1552 903 1615 prope¹
915 1535 1012 1595 limina
1029 1545 1160 1614 questus,

224 1616 226 1621 ’
326 1621 442 1682 Asteris
464 1628 495 1679 et
513 1621 606 1695 vatis,
627 1630 717 1680 totam
739 1628 858 1681 cantata·
874 1638 929 1699 per
949 1619 1061 1696 urbem,

326 1705 441 1767 Asteris
463 1712 529 1764 ante
551 1703 659 1782 dapes,
681 1713 769 1764 nocte
790 1704 922 1781 Asteris,
935 1704 1061 1765 ·Asteris
1082 1715 1158 1782 ortu,

326 1788 470 1863 Quantum
491 1806 550 1847 non
569 1788 708 1849 clamatus
730 1789 833 1864 Hylas:
850 1822 853 1827 ·
871 1789 989 1868 lamque
1005 1806 1111 1868 aspera
1135 1793 1235 1870 coepit

324 1873 462 1935 Flectere
485 1873 574 1933 corda
596 1872 692 1933 libens
711 1883 741 1934 et
759 1877 824 1934 iam·
836 1873 902 1934 sibi·
914 1875 984 1935 dura
1003 1873 1105 1934 rideri.
1274 1887 1328 1941 200

391 1957 486 2017 Macte
505 1958 592 2033 toris,
613 1957 712 2018 Latios
730 1960 807 2018 inter
826 1959 1025 2038 placidissime
1046 1966 1140 2034 rates,

325 2042 411 2116 Quod
432 2043 533 2103 durum
554 2060 727 2120 permensus
748 2045 805 2103 lter
827 2044 984 2121 coeptique
1007 2041 1116 2103 laboris

324 2126 466 2188 Prendisti
490 2135 602 2205 portus.
649 2126 763 2188 Nitidae
786 2128 831 2187 sie
854 2127 1003 2204 transfuga
1026 2125 1110 2187 Pisae

324 2212 425 2271 Amnis
446 2213 474 2272 in
493 2220 633 2271 externos
654 2211 743 2290 longe
764 2211 923 2273 llarnmatns
945 2228 1060 2272 amores

323 2297 454 2358 Flumina
477 2296 613 2356 demerso
635 2296 722 2357 trehit
742 2298 914 2356 intemerata
935 2296 1040 2371 canali,

323 2381 428 2441 Donec
447 2381 580 2440 Sicanios
599 2381 721 2441 laudern
734 2382 867 2460 prolatas
885 2381 992 2441 anhelo
1025 2403 1027 2406 ’

324 2464 383 2526 Ore
405 2464 486 2526 hibat
507 2465 618 2532 lontes;
641 2468 760 2525 miratur
780 2465 971 2526 dulcia-dats

324 2548 447 2625 Oscula,
470 2567 527 2608 nec
548 2549 641 2610 credit
663 2550 773 2628 pelago
794 2552 913 2611 venisse
935 2548 1075 2610 maritum.
1154 2568 1158 2574 ’

387 2633 460 2707 Quis
479 2632 532 2692 tibi
553 2642 622 2693 tunc
642 2634 733 2694 alacri
752 2635 1053 2695 coelestumnnunere
1074 2635 1167 2713 claro,
1233 2660 1236 2667 ·
1309 2645 1319 2653 “

323 2717 432 2795 Stella,
456 2715 541 2779 diest
577 2718 691 2792 Quanto
711 2720 852 2798 salierunt
867 2719 1103 2799 ‹pectore-voto!
1272 2732 1325 2786 210

322 2802 427 2864 Dulcia
450 2821 536 2881 quum
555 2803 689 2864 dominae
714 2804 824 2864 dexter
843 2804 967 2864 conubia
986 2803 1084 2864 vultus

310 2888 444 2965 ¹llnnuit,
468 2889 512 2948 ire
533 2886 605 2967 polo
627 2889 792 2968 nitidosque
814 2906 920 2951 errore
933 2906 988 2968 per
1009 2905 1080 2948 ares

320 2972 418 3032 Visus.
464 2971 633 3047 Amyclaeis
654 2975 746 3033 minus
768 2973 909 3033 exultavit
929 2974 1024 3034 arenis

321 3056 440 3132 Pastor,
460 3056 496 3117 ed
517 3055 621 3117 Idaeas
640 3057 753 3118 Helene
770 3061 908 3118 veniente
930 3059 1056 3117 carinae·
1321 3102 1332 3121 t

320 3140 463 3203 Thessala
481 3157 538 3199 nec
558 3141 647 3201 talem
666 3142 801 3202 viderunt
821 3142 911 3202 Pelea
929 3141 1051 3220 dempe,
1272 3153 1325 3207 215

321 3224 414 3298 Quum
436 3225 540 3285 Thetin
559 3225 709 3285 demoniis
728 3223 838 3286 Gln‘ron
856 3226 1003 3287 accedere
1025 3227 1111 3286 terris

318 3309 428 3370 Erecto
450 3310 604 3389 prospexit
626 3327 713 3388 equo.
759 3311 852 3384 Quam
873 3311 962 3388 longa
982 3319 1130 3372 morantur

319 3394 436 3456 Sidera!
480 3392 573 3468 Quam
594 3396 694 3471 segnis
714 3397 791 3455 votis
813 3413 919 3456 aurora
934 3395 1045 3455 mariti!

381 3479 421 3538 ht
445 3478 550 3558 procul
572 3488 603 3539 ut
624 3479 736 3540 Stellae
760 3481 903 3541 thalamos
925 3498 1046 3540 sensere
1069 3481 1167 3558 parari

316 3564 423 3625 Latous
444 3572 541 3623 vatum
560 3573 645 3642 pater
664 3574 694 3624 et
714 3565 879 3625 Semeleius
900 3564 993 3641 Eren,
1270 3576 1324 3631 Ὧι)

228 3701 233 3707 .
315 3648 369 3708 llic
391 3656 490 3707 movet
512 3646 649 3726 Ortygia,
672 3658 772 3709 movet
793 3650 843 3710 hic
862 3651 963 3728 rapida
985 3652 1100 3729 agmina
1122 3649 1213 3726 Nysa.
1252 3684 1258 3691 -

304 3733 386 3791 Huic
402 3731 488 3806 Lycii
507 3734 822 3815 montes·gelidaeque
838 3734 1012 3797 umbracula
1034 3735 1199 3812 Thymbrae

262 3894 296 3936 n
325 3904 328 3911 .
