3134 4434
323 428 361 489 16
664 439 696 487 a.
712 439 846 488 Parmm
862 439 977 488 surum

323 596 522 675 Parthenope,
545 594 699 675 dulcisque
720 594 786 654 solo
809 602 840 653 tu
858 594 953 671 gloria
975 603 1076 656 nostro
1136 662 1140 677 x

323 681 467 760 Reptasti.
506 678 632 741 Nitidum
652 687 810 755 consurgat
829 679 865 739 ad
886 679 1006 742 aethera
1028 680 1117 741 tellus
1225 736 1229 745 .

323 765 451 841 Eubois,
476 773 505 824 et
528 764 650 843 pulchra
673 772 780 823 tumeat
802 762 930 823 Sebatos
952 765 1075 841 alumna.

322 851 387 911 Nec
407 850 463 909 sibi
487 849 624 909 sulfureis
642 847 785 908 Lucrinae
807 846 918 908 Naides
934 851 1029 913 antris.

322 935 387 995 Nec
408 934 577 1011 Pompeiani
599 933 735 1012 placeant
753 932 846 1010 magis
867 935 926 993 otia
948 934 1042 994 Sarni.
1274 944 1326 999 aas

323 1019 377 1080 Eia
395 1037 467 1095 age,
491 1017 660 1096 praeclaros
681 1016 762 1077 Latio
783 1026 941 1095 properate
963 1027 1102 1096 nepotes,

323 1105 380 1178 Qui
398 1104 500 1180 leges,
521 1103 569 1179 qui
590 1111 684 1162 castra
706 1110 824 1178 regant,
849 1102 899 1180 qui
921 1103 1046 1163 carmina
1067 1101 1175 1161 ludant.

320 1187 485 1248 Accelerat
506 1195 590 1265 partu
608 1186 751 1247 decImum
771 1186 848 1245 bona
871 1182 993 1260 Cynthia
1012 1204 1153 1249 mensem.

323 1271 383 1333 Sed
405 1280 507 1351 parcat
527 1269 634 1330 Lucida
656 1288 773 1348 precor.
818 1269 920 1348 Tuque
940 1272 1006 1349 ipae
1028 1271 1142 1349 parenti

324 1358 432 1431 Parce,
453 1373 544 1434 puer,
566 1373 603 1415 ne
624 1355 743 1415 mollem
764 1363 895 1431 uterum,
918 1372 956 1415 no
974 1357 1079 1417 stantia
1101 1355 1223 1423 laedas¹
1274 1363 1329 1419 270

323 1442 463 1508 Pectora;
487 1457 631 1518 quumque
653 1449 719 1499 tuos
740 1440 829 1499 tacito
852 1448 952 1501 natura
974 1458 1098 1499 recessu

323 1525 467 1586 Formarit
488 1525 599 1600 vultus,
623 1524 739 1583 multum
760 1524 799 1584 da
820 1533 903 1603 patre
927 1524 1058 1601 decoris,

323 1610 391 1670 Plus
415 1610 452 1670 de
470 1618 561 1669 matre
583 1609 672 1668 ieras.
717 1608 756 1668 At
776 1618 823 1684 tu,
845 1607 1041 1688 pulcherrima
1061 1607 1154 1669 forma

324 1694 470 1770 Italidum,
494 1693 609 1753 tandem
633 1693 736 1753 merito
761 1710 902 1772 possessa
923 1693 1037 1768 marito,

323 1779 427 1838 Vincla
449 1779 495 1838 diu
519 1779 650 1856 quaesita
670 1777 749 1836 Iove.
793 1778 844 1837 Sic
864 1778 966 1839 damna
988 1776 1107 1843 decoris
1200 1792 1204 1803 ¹
1275 1786 1327 1841 ata

208 1905 210 1909 -
323 1862 410 1923 Nulla
434 1863 500 1931 tihi;
525 1862 614 1939 longe
635 1862 744 1922 virIdes
766 1862 810 1921 sic
831 1861 905 1923 dore
923 1863 1061 1923 iuventae

324 1947 484 2008 Perdurent
506 1946 616 2022 vultus,
639 1946 781 2025 tardeque
804 1946 880 2008 haec
902 1947 1159 2009 forma-senescat.

394 2158 403 2173 ι
441 2105 495 2155 ΙΠ.
523 2105 637 2157 VILLA
658 2104 865 2157 TIBURTINA
884 2104 1020 2175 MANLII
1038 2103 1201 2159 VOPISOI.
1287 2166 1291 2171 Ι

389 2198 520 2259 Cernere
540 2200 657 2263 facundi
679 2198 769 2260 Tibur
789 2199 916 2277 glaciale
937 2200 1061 2280 Vopisci

325 2287 356 2347 Si
382 2285 446 2364 quis
469 2294 498 2344 et
519 2287 629 2344 Inserto
652 2286 785 2362 geminos
807 2284 921 2345 Aniena
944 2296 1077 2364 penates,

325 2369 383 2429 Aut
404 2370 497 2448 potuit
519 2371 619 2430 sociae
642 2369 816 2429 commercia
837 2386 964 2430 noscere
986 2371 1070 2449 ripae

325 2452 538 2532 certantesque
555 2454 612 2513 sibi
633 2454 777 2514 dominnm
798 2453 959 2516 defendere
981 2455 1077 2531 villas,

325 2537 408 2597 Illum
432 2556 487 2597 nec
510 2537 604 2597 calido
624 2538 738 2599 latravit
759 2537 853 2598 Sirius
873 2548 964 2615 astro,
1209 2565 1241 2597 .’
1310 2552 1326 2603 5

323 2621 388 2681 Nec
409 2622 508 2699 gravis
526 2622 660 2701 adspexit
680 2621 810 2683 Nemees
830 2623 993 2684 Irondentis
1014 2622 1158 2685 alumnus:

325 2706 405 2766 Talis
428 2707 519 2765 hiems
542 2708 645 2783 tectis,
668 2706 804 2784 frangunt
824 2708 868 2768 stc
890 2706 1013 2787 inproba
1036 2707 1129 2769 solem

324 2788 464 2868 Frigora,
483 2790 674 2869 Pisaeumque
697 2792 801 2851 domus
819 2810 879 2854 non
897 2800 1011 2853 aestuat
1028 2810 1139 2853 annum.

388 2875 455 2956 Ipsa
477 2894 561 2935 manu
580 2886 681 2937 tenera
702 2876 794 2936 fertur
814 2878 970 2956 scripsisse
991 2877 1137 2955 voluptas.

326 2960 406 3020 Tunc
427 2961 527 3021 Venus
549 2960 648 3021 Idaliis
668 2961 749 3021 unxit
770 2960 888 3038 IastigIa
909 2962 1007 3021 succis
1294 2974 1327 3025 to

323 3045 534 3122 Permnlsitque
557 3046 648 3106 comis
669 3044 864 3123 blandumque
884 3046 1003 3123 reliquit
1018 3045 1161 3106 bonorem

325 3130 465 3205 Sedibus,
494 3140 523 3190 et
543 3130 681 3191 volucres
702 3131 793 3191 vetuit
815 3130 970 3193 discedere
991 3139 1085 3191 natos.

390 3212 414 3272 Ο
437 3213 553 3290 longum
575 3215 762 3275 memoranda
784 3214 863 3275 dies!
884 3233 960 3294 quae
983 3223 1079 3275 mente
1101 3223 1224 3292 reporto

326 3297 449 3373 Gaudia⁷
469 3316 553 3376 quam
572 3298 669 3358 Iassos
690 3317 744 3377 per
763 3309 806 3359 tot
827 3299 964 3360 mtraoula
986 3299 1080 3359 visus!

324 3382 472 3458 Ingenium
495 3401 579 3461 quam
597 3383 665 3443 mite
685 3383 764 3443 solo!
788 3402 864 3462 quae
888 3383 980 3443 forma
1002 3383 1098 3443 beatis
1283 3394 1326 3447 -15

325 3466 398 3527 Arte
421 3485 521 3526 manus
543 3484 686 3528 concessa
706 3468 795 3528 Iocis!
835 3468 900 3527 Non
922 3467 1032 3545 largius
1053 3484 1174 3545 usquam

325 3551 445 3611 Indulsit
467 3559 567 3612 natura
590 3551 655 3611 sibi.
697 3550 826 3613 Nemora
846 3552 904 3613 alta
924 3553 1020 3613 citatis

324 3635 487 3696 incubuere
509 3636 606 3705 uadis:
631 3635 722 3698 IaIIax
740 3647 896 3716 responsat
917 3639 1012 3715 brago

325 3719 504 3797 Frondibns,
526 3731 555 3781 et
576 3721 680 3800 longas
703 3721 805 3784 eadem
824 3722 900 3800 fugit
919 3723 993 3785 unda
1014 3739 1068 3801 por
1088 3720 1218 3783 umbras.
