3134 4434
568 490 766 543 THEBAIDOS
783 493 853 541 LIB.
871 492 921 545 VI..

320 649 484 712 Iamdudum
506 651 604 711 variae
623 650 724 711 laudes
749 659 778 711 et
800 650 918 711 conscia
938 649 1030 710 virtus

262 736 361 812 Tydea
382 737 591 814 magnanimum
612 735 734 795 stimulis
758 735 923 814 ingentibus
945 742 1063 812 angunt.

260 822 315 882 llle
337 821 452 901 quidem
475 829 504 880 ct
522 819 605 880 disco
626 819 720 880 bonus
741 828 771 881 et
789 820 970 881 contendere
992 836 1089 894 cursu,

261 906 325 966 Nec
347 915 447 966 caestu
467 904 579 965 bellare
598 904 707 981 minor,
729 905 782 966 sed
802 905 892 966 corde
914 903 1033 965 labores

261 992 337 1051 Ante
360 989 433 1050 alios
456 998 519 1049 erat
540 998 625 1050 uncta
644 989 722 1069 pale.
764 991 813 1050 Sic
836 991 894 1051 otia
912 988 1012 1050 lllartis
1186 997 1257 1052 130

260 1076 380 1154 Degere
402 1083 431 1134 et
453 1073 602 1135 armiferas
624 1074 723 1135 laxare
746 1084 916 1136 assueverat
937 1075 1007 1148 iras,

262 1161 399 1238 Ingentes
423 1168 523 1219 contra
541 1159 592 1219 illc
613 1160 710 1236 viros,
733 1159 878 1221 Acheloia
899 1159 1008 1219 circum

263 1244 376 1320 Litora,
397 1243 559 1322 felicesque
580 1244 636 1305 deo
656 1254 834 1305 monstrante
857 1244 1029 1324 palaestras.

324 1329 404 1406 Ergo
425 1327 474 1387 ubi
496 1328 624 1389 luctandi
641 1330 762 1389 iuvenes
781 1330 908 1389 animosa
929 1327 1029 1388 citavit

263 1413 379 1489 Gloria,
401 1412 547 1473 terrificos
568 1413 695 1473 humeris
715 1412 840 1473 Aetolus
863 1413 982 1473 amictus
1204 1423 1258 1477 835

262 1498 383 1558 Eruitur
403 1498 580 1577 patriumque
601 1516 697 1566 suem;
719 1498 800 1558 levat
820 1497 909 1559 ardua
931 1505 1032 1558 contra

262 1581 406 1659 llembra,
426 1580 592 1643 Cleonaeae
613 1583 711 1662 stirpis
729 1583 857 1644 iactator
873 1581 1029 1660 Agylleus,

261 1667 405 1728 Herculea
426 1684 482 1727 nec
503 1667 581 1727 mole
603 1668 711 1743 minor,
735 1669 779 1727 sic
799 1667 956 1745 grandibus
976 1666 1034 1727 alte

260 1752 416 1830 lusurgens
437 1751 564 1812 humeris
585 1751 728 1812 homiuem
747 1771 838 1832 super
857 1750 996 1832 inprobus
1019 1752 1088 1812 exit.

260 1837 320 1898 Sed
339 1854 397 1896 non
416 1836 466 1897 ille
486 1837 567 1915 rigor
586 1839 766 1917 patriumque
791 1838 820 1897 in
844 1854 971 1916 corpore
990 1836 1089 1898 robur.
1202 1845 1258 1900 811

260 1922 414 1982 Luxuriant
436 1930 530 1999 artus,
550 1921 700 2002 effusaque
720 1923 858 1999 sanguiue
879 1921 948 1983 lano

260 2005 389 2067 Membra
411 2015 521 2074 natant;
545 2006 611 2067 inde
632 2007 707 2067 haec
727 2006 822 2067 audax
839 2006 942 2067 fiducia
962 2014 1071 2067 tantum

261 2089 390 2152 Oenidae
414 2106 553 2170 superare
574 2108 683 2170 parem.
712 2089 890 2170 Quamquam
911 2092 976 2169 ipse
998 2090 1091 2151 videri

261 2174 406 2255 Exiguus,
428 2176 528 2254 gravia
549 2190 618 2236 ossa
636 2184 732 2235 tamen
750 2175 894 2254 nodisque
914 2174 1017 2235 lacerti

260 2259 414 2321 Diiiiciles.
457 2258 616 2338 Numquam
632 2259 708 2320 11111
730 2261 851 2320 animum
871 2269 971 2320 natura
988 2258 1092 2319 minori
1202 2267 1256 2324 845

262 2342 413 2425 Corpore,
434 2362 491 2405 nec
511 2352 605 2411 tantas
625 2360 695 2405 ausa
716 2352 762 2404 est
782 2343 933 2405 includere
951 2343 1040 2407 uires.

324 2429 478 2508 Postquam
499 2429 569 2490 oleo
587 2430 688 2508 gavisa
711 2429 803 2505 cutis,
825 2429 898 2508 petit
917 2430 1028 2508 aequor
1047 2437 1170 2509 uterque

260 2514 405 2576 Procursu
424 2514 548 2575 medium
569 2523 656 2594 atque
673 2513 774 2575 hausta
794 2514 918 2574 vcstitur
936 2514 1035 2576 arena.

256 2599 333 2659 llum
355 2599 485 2660 madidos
500 2594 585 2660 ¹artus
607 2600 720 2661 alterno
738 2598 860 2679 pulvere
881 2599 1004 2672 siccant,
1076 2646 1079 2651 .

261 2683 405 2764 Collaque
429 2684 596 2745 demersere
619 2684 746 2744 humeris
769 2693 798 2744 et
820 2683 939 2745 brachia
957 2684 1018 2745 late
1200 2692 1256 2747 850

260 2769 338 2829 Vara
359 2777 466 2829 teuent.
506 2767 566 2829 lam
583 2778 651 2829 tunc
672 2778 737 2830 astu
758 2768 876 2829 deducit
897 2770 925 2829 in
945 2785 1068 2846 aequum

261 2851 407 2929 Callidus,
431 2860 460 2912 et
482 2852 592 2912 celsum
615 2862 771 2932 procurvat
789 2850 917 2928 Agyllea
939 2851 1056 2927 Tydeus

261 2937 429 3000 Submissus
450 2942 551 3013 tergo,
575 2944 604 2995 et
624 2935 747 3014 genibus
763 2936 879 2996 ¹vicinus
898 2938 1015 2997 arenae.

324 3020 378 3081 llle
400 3028 510 3095 autem,
530 3019 628 3099 Alpini
646 3012 737 3081 veluti
757 3020 858 3097 regina
880 3038 1036 3100 cupressus

261 3106 405 3182 Verticis,
427 3112 567 3182 urgentes
588 3106 736 3165 cervicem·
755 3104 873 3166 inclinat
892 3106 921 3165 in
939 3103 1075 3183 Austros,
1202 3118 1256 3174 855

260 3192 318 3252 Vix
339 3208 407 3250 sese
425 3189 525 3251 radice
545 3197 665 3266 tenens,
686 3198 842 3268 terraeque
861 3189 1048 3270 propinquat,
1253 3188 1256 3193 ’

260 3275 426 3338 Iamdudum
444 3274 590 3335 aetherias
613 3274 716 3335 eadem
737 3275 865 3336 reditura
886 3274 940 3335 sub
962 3292 1062 3343 auram

260 3360 327 3421 Non
348 3378 434 3420 secus
453 3361 587 3437 ingentes
606 3368 685 3420 artus
704 3359 877 3440 praecelsus
898 3359 1042 3438 Agylleus

261 3447 374 3524 Sponte
393 3446 496 3525 premit
517 3462 695 3524 parvumque
718 3462 840 3522 gemens
860 3442 1027 3524 duplicatur·
1039 3445 1068 3505 iu
1085 3444 1210 3522 hostem,

260 3529 299 3591 Et
320 3531 375 3590 iam
397 3530 506 3590 alterna
527 3547 626 3590 marrus
640 3529 825 3608 frontemque
838 3527 1033 3609 humerosque
1048 3529 1182 3613 latusque
1203 3540 1255 3597 860

262 3613 404 3694 Collaque
426 3623 606 3695 pectoraque
628 3623 658 3675 et
676 3615 795 3676 vitantia
812 3632 896 3676 crura
917 3614 1046 3676 lacessit.

259 3700 462 3779 Interdumque
485 3699 532 3760 diu
553 3700 681 3781 pendent
699 3716 754 3779 per
771 3708 868 3760 mutua
887 3698 955 3761 iulti
1127 3698 1129 3703 '

259 3783 396 3863 Braclria,
418 3803 495 3847 nuuc
515 3786 599 3848 saevi
619 3783 782 3868 digitorum
799 3784 1097 3858 1111111111ῃῶ-
