3134 4434
315 459 376 520 202
648 471 680 519 1³.
703 470 837 519 eaerum
858 469 974 521 enarra

313 631 431 709 Aspera
452 628 620 706 tergeminis
638 628 718 689 acies
740 646 775 689 se
798 627 926 689 condidit
946 631 1043 689 uncis.
1280 643 1321 698 rso

313 715 368 776 llle
390 712 508 774 trahens
527 712 615 773 oculo
635 713 751 792 plenam
773 713 889 774 labente
907 715 1043 792 sagittam

315 800 379 861 lbat
397 800 425 858 in
446 807 612 867 auctorem3
634 796 688 858 sed
706 798 802 859 divum
821 799 907 858 fortia
928 798 997 877 quid
1018 817 1085 861 non

315 883 386 945 ’lela
408 879 534 963 queant?
556 882 614 943 alio
635 885 811 960 geminatum
830 883 936 943 lumine
955 883 1065 946 vulnus

314 968 453 1048 llxplevit
473 967 626 1035 tenebras;
650 969 780 1046 sequitur
796 978 892 1028 tamen
914 968 1063 1047 inprobus¹
1078 971 1219 1051 hostem,

316 1054 381 1129 Qua
401 1053 544 1128 meminit,
565 1051 660 1111 iusum
680 1052 775 1112 donoc
796 1052 949 1132 prolapsus
968 1054 997 1111 in
1017 1052 1104 1116 Idam
1279 1069 1319 1124 teo

230 1153 234 1161 ·
315 1137 447 1206 Decidit;
469 1137 517 1197 hic
538 1137 619 1196 saevi
640 1138 729 1197 miser
746 1139 821 1197 inter
836 1136 938 1197 lunera
955 1136 1026 1198 belli

315 1222 440 1302 Palpitat
459 1230 490 1282 et
505 1230 628 1281 mortem
650 1222 808 1301 sociosque
827 1222 987 1301 hostesque
1007 1235 1170 1301 precatur.

378 1306 468 1368 Addit
488 1305 681 1382 Abantiadas,
704 1307 847 1384 insignem
868 1307 994 1366 crinibus
1016 1307 1137 1389 Argum

316 1391 354 1453 llt
374 1391 450 1452 male
467 1390 602 1451 dilectum
622 1393 747 1452 miserae
766 1390 887 1468 Cydona
907 1393 1012 1451 sorori.

316 1478 363 1539 llli
382 1476 546 1556 perfossum
566 1476 628 1537 telo
648 1475 831 1554 patefecerat
851 1478 967 1554 inguen,
1280 1492 1319 1548 750

316 1562 390 1622 lluic
408 1561 552 1639 geminum
574 1560 691 1639 obliqua
713 1562 828 1621 traiecit
848 1561 987 1622 arundine
1007 1570 1142 1641 tempus.

317 1646 420 1707 Extitit
439 1645 495 1707 bac
516 1645 641 1723 ferrum,
661 1644 751 1706 velox
770 1645 828 1707 hac
849 1661 943 1726 penna
964 1648 1119 1726 remansit,

317 1731 416 1793 Fluxit
435 1731 576 1809 utrimque
598 1746 699 1800 ernon
720 1730 792 1790 nulli
812 1730 871 1791 tela
893 1747 998 1810 aspera
1018 1735 1127 1793 mortis

318 1817 395 1876 Dant
415 1816 543 1890 veniam,
565 1831 623 1874 non
639 1815 732 1875 forma
752 1814 886 1893 Lamum,
907 1832 966 1876 non
984 1815 1075 1877 infula
1097 1817 1255 1901 Lygdum,

318 1899 384 1961 Non
403 1898 601 1980 pubescentes
624 1908 760 1959 texerunt
780 1899 896 1961 Aeolon
918 1901 992 1962 anni.
1280 1912 1319 1972 755

318 1985 430 2064 Figitur
451 1983 640 2060 orabamus,
662 1983 714 2044 het
734 1986 849 2045 saucius
870 1987 985 2063 inguina
1004 1984 1138 2066 Lygdus,

318 2070 483 2131 Perfossam
503 2068 564 2129 telo
584 2070 696 2129 niveam
716 2070 827 2147 gemis,
849 2069 963 2146 Aeole,
986 2069 1127 2132 frontem.

319 2154 361 2215 'l'e
382 2172 527 2234 praeceps
549 2153 672 2214 Euboea
693 2154 772 2230 tulit,
794 2162 824 2214 te
847 2155 969 2215 candida
986 2153 1097 2216 Thisbe

318 2238 453 2317 bliserat,
475 2239 551 2300 hunc
571 2239 681 2299 virides
702 2255 759 2299 non
780 2241 935 2318 excipietis
955 2239 1109 2315 Amyclae.

381 2323 540 2404 Numquam
560 2341 644 2384 cassa
663 2341 779 2400 manus,
798 2323 905 2384 nullum
923 2325 986 2384 sine
1004 2324 1131 2386 vulnere
1150 2328 1237 2409 fugit
1279 2339 1323 2396 tto

318 2409 447 2486 blissile,
468 2426 525 2468 neo
546 2408 664 2488 requies
686 2408 825 2485 dextrae,
848 2411 1029 2486 sonitumque
1050 2411 1148 2488 priori

318 2494 413 2571 longit
433 2493 540 2553 arundo
560 2510 697 2572 sequens.
736 2491 829 2553 Unum
847 2495 911 2572 quis
924 2493 1066 2554 crederet
1086 2512 1208 2578 arcum,

319 2579 379 2640 Aut
397 2594 482 2637 unam
502 2578 617 2637 saevire
638 2573 772 2638 manum?
793 2578 879 2639 modo
902 2578 998 2656 dirigit
1018 2578 1106 2656 ictus,

318 2663 401 2723 Nunc
421 2662 513 2723 latere
533 2662 646 2722 alterno
668 2661 771 2722 dubius
793 2665 942 2724 conamina
962 2670 1060 2740 mutat,
1116 2672 1118 2676 “

319 2746 402 2808 Nunc
419 2747 493 2824 fugit
513 2747 653 2806 instantes
675 2755 705 2806 et
726 2746 792 2807 solo
808 2749 931 2827 respicit
950 2764 1030 2808 aron.
1168 2740 1172 2747 ’
1281 2762 1324 2820 775

381 2832 493 2893 Etiam
513 2833 650 2892 mirantes
669 2831 908 2912 indignantesque
930 2831 1049 2892 coibant

318 2916 516 2994 Labdacidae,
540 2918 708 2996 primusque
729 2916 808 2977 lovis
827 2917 864 2977 de
884 2918 1023 2995 sanguiue
1046 2916 1131 2978 claro

240 3068 248 3088 ⁹
319 3001 464 3081 Amphion
485 3003 603 3082 ignarus
623 3002 732 3078 adhuc,
755 3019 831 3080 quae
852 3002 954 3062 lunera
977 3002 1086 3080 campis

318 3087 373 3149 llle
394 3086 491 3147 daret:
514 3086 665 3160 ‘Quonam
687 3103 779 3165 usqne
798 3096 908 3147 moram
927 3085 1081 3146 lucrabere
1104 3088 1174 3168 lati,

320 3170 345 3230 0
366 3171 483 3231 multum
501 3172 620 3232 meritos
643 3188 716 3249 puer
736 3169 873 3232 orbatura
895 3166 1054 3250 parentesl
1281 3190 1325 3247 τω

319 3256 395 3331 Quin
416 3257 502 3317 etiarn
521 3257 609 3316 menti
630 3265 725 3316 tumor
745 3264 833 3341 atque
855 3255 975 3316 audacia
995 3255 1106 3333 gliscit,

320 3338 504 3419 congressus
525 3340 590 3400 dum
609 3356 694 3401 nemo
715 3349 781 3401 tuos
803 3358 986 3420 pugnamque
1008 3341 1156 3405 minorem

317 3424 459 3504 Dignatur
478 3424 566 3485 bellis
586 3426 716 3504 iramque
735 3424 910 3504 relinqueris
930 3424 1012 3485 inira.

318 3509 347 3588 l,
370 3519 474 3589 repeto
496 3509 649 3570 Arcadiam
670 3510 834 3588 mixtusque
855 3509 1024 3589 aequalibus
1046 3508 1123 3588 illic,

318 3595 393 3655 Dum
411 3594 491 3654 ierus
513 3594 560 3654 hio
579 3610 651 3654 vero
671 3595 803 3655 desaevit
823 3595 946 3673 pulvere
966 3592 1095 3670 blavora,
1283 3613 1326 3670 753
1363 3656 1365 3691 Ι

318 3678 435 3739 Proelia
455 3678 524 3738 lude
542 3677 633 3754 domi,
657 3678 734 3757 quod
756 3680 780 3738 si
802 3688 832 3738 te
855 3688 967 3739 moesta
987 3677 1122 3757 sepulcri

310 3761 401 3827 Fama
419 3771 537 3847 moret,
560 3762 711 3845 dabimus,
727 3763 792 3826 leto
810 3758 941 3825 moriere
954 3765 1106 3822 urorum!
