3134 4434
322 437 363 501 ⁹⁶
656 449 688 497 P·
708 448 842 502 Parnm
865 448 980 499 suurn

298 661 301 665 .
322 607 479 726 Aetprope,
500 601 664 705 Bistonides
682 605 800 668 ueniunt
817 606 945 668 fortasse
966 606 1111 707 maritae?⁴

248 750 254 781 ‘
324 689 477 837 mm
493 688 1163 857 tttmttmamattat

323 848 751 946 bunatrrmfflrffpiiieb‘''agm'eb'
767 846 1139 942 descenderesubffiarmc
1278 872 1328 929 115

323 934 925 1031 utitor.ritu.araururretjtsta
946 943 1026 1004 aar.

323 1024 507 1091 Nbb‘varius
528 1028 654 1105 fremor,
672 1037 721 1089 aut
741 1028 835 1091 studia
856 1030 885 1089 in
904 1020 1050 1090 b‘on‘tfb'iia
1070 1030 1147 1108 rapti

323 1116 498 1190 Dissensus,
518 1121 549 1174 ut
568 1112 657 1192 plebe
680 1113 771 1174 solet:
792 1113 874 1175 iuror
895 1112 1025 1175 omnibus
1047 1113 1134 1189 idem,

322 1199 405 1261 Idem
424 1199 533 1259 animus
551 1197 650 1259 solare
672 1197 791 1275 domos,
810 1198 1001 1278 iuvenumque
1024 1216 1185 1277 senumque

323 1284 521 1362 Praecipitare
543 1282 627 1343 colos
647 1281 801 1362 plenisque
823 1283 988 1360 affrangere
1006 1298 1114 1362 parvos
1275 1298 1326 1350 150

323 1367 469 1429 Uberibus
489 1367 628 1447 ferroque
648 1384 749 1427 omnes
771 1368 853 1430 exire
875 1386 930 1448 per
948 1384 1049 1429 annos.

327 1452 408 1513 Tunc
427 1452 525 1513 viridis
547 1452 606 1513 late
628 1451 729 1529 lucus,
751 1453 819 1531 iuga
841 1452 922 1514 cebo
943 1451 1091 1513 Minervae

326 1538 467 1617 Propter,
488 1545 593 1616 opacat
610 1535 725 1597 humum
745 1537 830 1615 niger
849 1537 929 1616 ipso,
952 1536 1005 1598 sed
1025 1538 1144 1615 insuper
1165 1537 1276 1615 ingens

324 1621 408 1683 blons
426 1623 546 1700 premit,
569 1629 599 1681 et
619 1621 733 1698 gemina
753 1631 877 1701 pereunt
899 1621 1023 1699 caligine
1045 1621 1136 1681 soles.

324 1707 379 1769 Hic
400 1723 525 1766 sanxere
543 1705 642 1781 tidem,
664 1714 695 1765 tu
716 1704 820 1768 Martia
841 1708 923 1768 testis
943 1705 1028 1782 Enyo
1271 1718 1323 1772 155

323 1793 422 1870 Atque
442 1790 554 1851 inferna
576 1786 688 1866 Ceres,
709 1790 888 1870 Stygiaeque
909 1791 1078 1852 Acheronte
1100 1791 1224 1852 recluso
1295 1850 1298 1857 ,

325 1876 401 1937 Ante
423 1893 530 1955 preces
549 1892 658 1935 venere
678 1874 767 1944 deae;
791 1875 844 1936 sed
861 1875 935 1937 fallit
953 1876 1061 1954 ubique

324 1961 414 2022 Mixto
434 1958 550 2037 Venus,
570 1958 671 2020 Venus
691 1977 769 2021 arma
792 1968 887 2036 tenet,
909 1960 1009 2021 Venus
1030 1959 1166 2021 admovet
1183 1961 1257 2022 irus.

323 2046 389 2106 Nec
411 2045 447 2106 de
469 2061 552 2106 more
575 2061 674 2115 cruor;
697 2053 794 2106 natum
817 2042 962 2124 Canopeis
982 2046 1088 2105 coniux
1118 2094 1121 2099 .

326 2129 451 2207 Obtulit,
474 2131 628 2208 accingunt
650 2148 718 2190 sese
739 2139 770 2192 et
790 2131 919 2191 mirantia
938 2130 1019 2190 ferro
1271 2142 1323 2198 100

324 2217 466 2293 Pectora,
489 2215 697 2294 congestisque
719 2215 822 2276 avidae
843 2214 926 2275 simul
947 2214 1072 2294 undique
1094 2215 1206 2276 dextris

321 2300 522 2379 J'erfringunt,
545 2317 580 2360 ac
602 2299 687 2360 dulce
709 2300 793 2360 nefas
814 2300 1004 2378 insanguine
1026 2301 1094 2360 vivo

325 2383 497 2461 Coniurant,
518 2392 697 2462 matremque
719 2402 826 2445 recens
847 2384 1035 2445 circumvolat
1057 2383 1166 2455 umbra.

389 2467 483 2528 ‘Talia
501 2471 631 2528 cernenti
649 2468 717 2527 mibi
738 2478 861 2547 quantus
882 2470 912 2528 in
934 2469 1051 2529 ossibus
1072 2468 1189 2546 horror,

324 2552 434 2627 Quisve
456 2571 510 2632 per
530 2569 582 2612 ora
602 2548 706 2612 color?
728 2551 822 2632 qualis
845 2571 931 2632 quum
955 2571 1043 2614 cerva
1064 2555 1192 2615 cruentis
1272 2567 1322 2622 100

325 2635 527 2697 circumventa
548 2636 643 2715 lupis,
665 2636 772 2697 nullum
796 2639 842 2698 oui
862 2646 984 2716 pectore
1008 2639 1089 2701 molli

325 2721 427 2783 Robur
447 2731 476 2782 et
497 2720 658 2783 involucri
679 2722 773 2783 tenuis
793 2721 899 2783 fiducia
922 2741 1018 2800 cursu,

323 2807 499 2887 Praecipitat
521 2824 663 2886 suspensa
682 2805 798 2886 iugcm3
821 2807 1010 2886 iamiamque
1032 2809 1124 2868 teneri

325 2889 441 2970 Credit,
463 2901 493 2953 et
510 2892 609 2953 elusos
630 2892 708 2953 audit
727 2909 904 2954 concurrere
924 2909 1047 2952 morsus.

387 2976 446 3036 ‘Illi
467 2977 599 3046 aderant;
622 2978 720 3056 primis
741 2979 856 3056 iamque
879 2976 1029 3038 offendere
1053 2976 1169 3037 carinae
1271 2988 1321 3044 170

323 3060 483 3138 Litoribus,
507 3070 618 3122 certant
636 3061 711 3125 saltu
729 3064 900 3140 contingere
921 3071 1027 3122 terram

324 3144 514 3225 Praecipites.
557 3145 671 3223 Miseri,
702 3164 776 3226 quos
797 3164 854 3207 non
876 3156 924 3207 aut
942 3145 1060 3206 horrida
1081 3144 1172 3204 virtus

324 3228 417 3290 Marte
438 3229 491 3291 sub
511 3229 653 3306 Odrysio,
677 3240 724 3293 aut
742 3231 830 3292 medii
853 3231 1037 3292 inclementia
1056 3231 1137 3308 ponti

323 3313 473 3374 Hauserit!
494 3314 562 3376 Aba
584 3316 670 3376 etiam
691 3333 828 3394 superum
849 3315 972 3377 delubra
996 3322 1137 3393 vaporant

325 3398 545 3478 Promissasque
566 3398 680 3460 trabunt
701 3400 849 3479 pecudes,
872 3403 956 3478 niger
976 3398 1107 3461 omnibus
1129 3398 1188 3459 oris
1270 3409 1320 3466 175

325 3482 420 3561 ignis,
443 3492 472 3542 et
496 3485 525 3542 in
541 3484 627 3544 nullis
648 3485 738 3564 spirat
760 3485 833 3546 deus
852 3485 966 3562 integer
988 3486 1073 3544 extis.

390 3566 532 3629 ‘Tardius
554 3568 679 3629 humenti
699 3579 814 3631 noctem
836 3569 943 3630 deiecit
965 3567 1088 3648 Olympo

325 3653 470 3732 luppiter,
490 3662 519 3714 et
539 3673 655 3715 versum
673 3656 752 3731 miti,
773 3671 859 3731 reor,
879 3653 998 3715 cethem
1021 3671 1089 3713 cura

326 3737 479 3819 Sustinuit,
503 3739 568 3800 dum
590 3740 649 3802 iata
670 3748 783 3818 vetant,
807 3757 863 3801 nec
883 3739 999 3817 longius
1021 3754 1152 3818 umquam
