3134 4434
320 427 358 489 18
652 439 684 486 P.
708 438 842 489 eanum
862 440 981 515 suern

309 593 377 660 ,Aut
400 592 467 672 quid
489 594 605 671 partitis·
618 591 754 655 distentia
774 603 855 654 tecta
877 591 1033 654 trichorisl

319 679 406 753 Quid
419 688 463 753 te,
488 696 562 756 quae
585 678 687 740 mediis
712 686 829 741 servata
851 677 1004 756 penatibus
1026 675 1116 738 arbor

320 763 410 823 Tecta
432 781 487 841 per
504 772 533 821 et
552 772 656 842 postes
674 762 798 841 liquidas
817 764 945 839 emergis
964 763 992 822 in
1011 761 1118 822 auras?

320 847 384 921 Quo
406 863 464 906 non
487 846 540 931 sub
561 846 677 907 domino
700 864 805 907 saevas
827 864 951 925 passura
970 843 1134 925 bipennes?

318 931 357 993 Et
373 950 448 991 nunc
468 933 571 1008 ignaro
590 932 691 995 forsan
709 931 759 992 rel
779 930 891 997 lubrico
911 929 993 1006 Nais,
1049 980 1052 989 .

318 1015 376 1075 Vel
398 1034 456 1075 non
478 1015 619 1096 abruptos
637 1015 689 1076 ribi
707 1015 807 1079 demet
826 1013 1006 1090 Hamadryas
1025 1030 1128 1075 annae

319 1101 393 1174 Quid
415 1101 541 1160 referam
564 1100 693 1160 alternas
714 1101 832 1177 gemino
855 1118 945 1178 super
966 1117 1077 1177 aggere
1099 1117 1217 1162 mensas

319 1183 521 1264 Albentesque
545 1185 626 1246 lacus
646 1185 781 1263 altosque
803 1187 833 1244 in
850 1185 974 1262 gurgite,
988 1180 1106 1245 fontes?

318 1268 437 1347 Teque,
461 1287 516 1348 per
533 1269 686 1347 obliquum
703 1270 820 1348 penitus
841 1266 1046 1348 quee,.laberis
1067 1286 1191 1346 amnem,
1257 1334 1260 1338 ,

316 1352 440 1430 llarcia,
465 1362 495 1412 et
516 1353 618 1415 audaci
638 1353 814 1415 transcurris
834 1353 949 1417 domina
969 1349 1113 1431 plumbo?
1137 1398 1150 1423 ·.·
1240 1350 1263 1413 ’,

317 1440 364 1500 Au
387 1438 481 1498 solum
503 1437 592 1498 loniis
613 1437 668 1499 sub
686 1435 938 1503 daemonialis
959 1454 1072 1499 amnem
1116 1488 1119 1493 .

317 1522 420 1583 Dulcis
440 1521 477 1582 ed
494 1521 644 1583 Aetnaeos
665 1521 782 1586 deducit
800 1520 1057 1600 semita-portue'l.

247 1634 250 1639 ·
307 1607 380 1668 ‘lllis
401 1608 466 1686 ipse
488 1606 725 1669 antris-Auienus
747 1606 829 1667 ionte
848 1606 955 1673 relicto
1009 1670 1013 1675 .

236 1731 240 1739 -
316 1691 412 1752 Nocte
435 1690 488 1750 sub
511 1709 616 1751 arcana
637 1691 760 1768 glaucos
773 1699 888 1753 exutus
910 1691 1031 1755 aeteus

316 1776 380 1837 lluc
401 1776 472 1836 illnc
492 1775 589 1853 fragili
611 1776 771 1854 prosternit
793 1785 1048 1854 pectoromusco,

317 1861 377 1922 Aut
398 1861 501 1936 ingens
521 1860 550 1918 iu
571 1869 673 1936 stagna
697 1859 774 1920 cadit
794 1862 962 1938 vitreasque
983 1869 1081 1919 natatu

315 1943 428 2006 Plaudit
449 1960 554 2022 aquas;
577 1944 627 2005 illa
649 1944 770 2005 recubat
792 1943 935 2005 Tiburnus
953 1945 981 2003 in
999 1943 1111 2020 umbra,

316 2029 381 2089 Illic
404 2027 550 2089 sulfureos
572 2030 651 2108 cupit
671 2027 778 2091 Albula
799 2047 934 2105 mergere
956 2029 1063 2089 crines.

316 2113 398 2174 llaec
418 2112 538 2189 domus,
557 2111 688 2190 Egeriae
706 2112 1068 2190 nemoralemabiungere
1087 2111 1229 2174 Phoeben

217 2240 219 2247 ·
316 2197 354 2258 llt
375 2197 521 2273 Dryadum
543 2197 663 2260 viduare
685 2197 932 2275 choris-algentia
953 2197 1048 2276 possit

318 2282 449 2360 Taygeta
470 2293 500 2343 et
520 2281 602 2345 silvis
621 2300 776 2344 arcessere
800 2282 876 2342 Pena
897 2280 1032 2357 Lycaeis.

225 2364 227 2369 ’
318 2366 403 2440 Quod
428 2368 456 2426 ni
474 2367 582 2447 templa
604 2367 706 2428 darent
727 2367 800 2427 alias
823 2366 970 2441 Tirynthia
993 2374 1101 2442 sortes,
1150 2414 1155 2425 ,

316 2450 355 2511 Et
376 2450 582 2512 Praenestinae
601 2459 738 2529 poterant
757 2452 884 2528 migrare
907 2467 1038 2515 sorores.

382 2535 457 2608 Quid
481 2534 575 2594 bifero
595 2533 714 2595 Alcinoi
735 2535 850 2597 laudem
872 2536 1001 2614 pomaria
1022 2551 1146 2611 vosque,

223 2692 225 2697 ,
318 2619 374 2693 Qui
396 2636 549 2697 numquam
570 2620 654 2679 vacui
673 2620 819 2698 ⁴prodistis
838 2620 867 2679 iu
888 2618 1026 2695 aethera,
1048 2615 1140 2679 remi?

317 2702 428 2764 Cedent
448 2703 608 2780 Telegoni,
631 2703 736 2764 cedant
755 2703 908 2766 Laurentia
931 2703 1018 2765 Turni

314 2788 422 2864 lugere
443 2786 642 2865 Lucrinaeque
663 2789 764 2850 domus
786 2787 912 2867 litesque
926 2788 1048 2849 ¹cruenti

316 2871 509 2951 Antiphatae3
532 2871 637 2933 oedaut
657 2873 771 2935 vitreae
793 2873 860 2950 iuga
882 2871 993 2951 perlida
1016 2870 1118 2933 Dirces

313 2955 459 3016 Dulichiis
479 2956 589 3017 ululate
608 2957 684 3036 lupis
705 2974 851 3034 arcesque
873 2957 1018 3037 superbae
1085 3018 1089 3025 ,

316 3041 443 3101 Anxuris
467 3050 496 3100 et
518 3042 621 3117 sedes,
645 3040 772 3118 Phrygio
797 3059 869 3120 quae
891 3042 966 3115 mitis
989 3041 1103 3103 alumno
1203 3068 1206 3072 ·

316 3123 414 3184 Debet
435 3141 521 3193 anus;
541 3125 664 3200 cedant,
686 3143 762 3204 quae
787 3134 817 3185 te
837 3125 1030 3203 iem,.-solibus
1053 3126 1141 3187 arctis

315 3208 403 3268 Antia
421 3208 552 3269 nimbosa
571 3209 752 3272 revocabunt
771 3210 858 3271 litore
876 3208 986 3271 bruma.

316 3293 438 3353 Scilicet
459 3292 506 3351 hic
529 3292 571 3353 illi
592 3294 764 3375 meditantur
787 3294 917 3373 pondera
938 3311 1051 3361 mores;

315 3376 370 3436 llic
392 3377 532 3455 premitur
552 3376 697 3439 foecunda
719 3380 804 3456 quies
826 3381 977 3458 virtusque
1000 3396 1107 3438 serena

315 3461 424 3521 Fronte
446 3462 543 3539 gravis
566 3479 710 3541 sanusque
734 3463 826 3525 decor
848 3463 975 3541 luxuque
998 3471 1134 3525 carentes

316 3545 467 3621 Deliciae,
490 3563 562 3623 quaa
583 3548 649 3625 ipse
672 3549 732 3608 suis
754 3548 906 3624 digressus
927 3546 1052 3608 Athenis

315 3629 417 3690 Mallet
438 3631 557 3690 deserto
581 3631 681 3693 senior
703 3630 868 3708 Gargettius
888 3632 985 3692 horto.

316 3714 397 3774 llaec
416 3733 470 3792 per
495 3723 524 3774 et
545 3713 666 3791 Aegeas
687 3715 799 3777 hiemes
822 3714 1011 3797 Pliadumque
1033 3716 1166 3777 nivosum
