3134 4434
589 472 792 522 rsuemnos
814 473 886 522 mn.
906 474 940 521 x.
1204 459 1266 522 227

264 629 339 702 Quin
359 629 469 688 socium
494 627 592 687 coisse
614 628 774 701 animaret
796 642 925 708 corpore
945 629 974 688 in
994 646 1052 690 uno
1115 648 1118 653 ’
1214 640 1268 697 750

265 715 349 772 Stare
370 730 484 781 omnes;
508 713 548 773 ita
569 721 673 773 cuncta
693 713 806 792 replet;
828 730 887 774 non
907 713 993 773 ullius
1017 722 1109 789 aetas,

262 797 328 858 Non
351 798 458 873 cultus,
482 814 540 857 non
558 798 651 858 forma
672 806 786 866 movet;
810 797 1002 877 pugnantibus
1021 799 1099 860 idem

262 883 510 962 supplicibusque
531 881 615 950 iurit;
638 899 696 964 non
717 884 869 962 qnisquam
890 882 1037 944 obsistere
1060 893 1172 959 contra,

261 966 329 1028 Non
347 967 419 1027 belli
441 976 584 1046 temptare
603 969 701 1035 vices:
724 967 828 1047 procul
850 985 928 1028 arma
948 967 1070 1028 furentis

261 1051 484 1131 Terribilesque
501 1051 584 1113 iubas
606 1061 636 1112 et
657 1053 784 1113 frontem
803 1053 925 1114 cassidis
946 1052 1077 1114 horrent.
1214 1064 1264 1121 755

326 1136 365 1196 Ar
385 1138 450 1217 pius
470 1136 564 1198 electa
586 1155 731 1197 murorum
751 1139 780 1196 in
802 1147 885 1217 parte
907 1136 1087 1198 Menoeceus

260 1220 321 1282 lam
343 1240 429 1281 sacer
449 1221 590 1301 adspectu
613 1222 759 1301 solitoque
781 1223 932 1300 augustior
952 1239 1016 1298 ore,

264 1304 328 1366 Ceu
347 1306 443 1366 subito
463 1308 492 1366 in
513 1315 607 1366 terras
629 1323 738 1385 supero
760 1308 903 1367 demissus
925 1306 962 1367 ab
983 1325 1052 1383 axe,

263 1389 414 1466 Constitit,
440 1401 575 1471 exempta
594 1391 763 1452 manifestus
785 1392 901 1452 casside
919 1393 1014 1468 nosci,

259 1476 465 1556 Despexitque
487 1478 567 1536 acies
590 1475 734 1536 hominum
756 1485 787 1536 et
806 1476 937 1537 clamore
960 1476 1104 1556 profando

262 1560 414 1620 Convertit
436 1579 567 1640 campum
581 1562 731 1640 ‚iussitque
754 1561 869 1621 silentia
891 1560 983 1622 bello.

326 1645 491 1705 ‘Armorum
514 1645 630 1723 superi,
652 1656 740 1724 tuque
763 1662 782 1706 o
805 1647 852 1724 qni
873 1645 977 1707 iunerc
996 1655 1075 1706 tanto

260 1729 398 1808 lndulges
419 1731 506 1806 mihi,
530 1730 668 1807 Phoebe,
687 1732 776 1806 mori,
800 1731 868 1791 date
891 1732 996 1808 gandia
1016 1730 1136 1806 Thebis,

261 1815 345 1890 Quae
366 1816 467 1895 pepigi
488 1824 517 1875 et
536 1824 598 1876 toto
620 1833 696 1895 qnae
717 1817 859 1893 sangnine
878 1816 1020 1895 prodigus
1042 1819 1107 1876 erni.

260 1900 350 1962 Ferte
371 1910 450 1960 retro
474 1899 583 1960 bellum
606 1909 770 1980 captaeque
792 1901 933 1980 inpingite
952 1900 1064 1962 Lernae
1100 1932 1103 1939 ·

260 1984 423 2064 Relliquias
442 1993 561 2064 turpes,
584 1986 755 2063 confixaque
777 1994 861 2062 terga
880 1987 1016 2046 foventes

259 2069 384 2132 lnacbus
405 2070 561 2130 indecores
583 2078 668 2148 pater
689 2079 842 2130 aversetur
863 2070 1003 2130 alumnos.

259 2156 301 2215 At
322 2153 417 2230 Tyriis
435 2153 559 2232 templa,
578 2171 666 2230 arva,
688 2153 808 2230 domos,
830 2154 970 2230 conubia,
993 2163 1077 2214 natos

260 2239 386 2300 Reddite
406 2248 499 2299 morte
517 2255 597 2306 mea;
617 2240 642 2298 si
661 2256 716 2298 vos
738 2238 853 2316 placida
871 2238 966 2299 hostia
985 2241 1063 2316 iuvi,¹

260 2326 294 2386 Si
315 2341 373 2383 non
395 2324 523 2384 attonitis
540 2325 616 2383 vatis
638 2323 770 2383 consulte
790 2325 893 2403 recepi

258 2407 387 2468 Auribus
410 2417 440 2468 et
461 2406 570 2467 Thebis
591 2408 717 2469 nondum
739 2407 927 2470 credentibus
946 2409 1039 2485 hausi,

258 2493 340 2554 Haec
361 2492 543 2571 Amphioniis
566 2510 620 2572 pro
644 2510 690 2554 me
713 2493 874 2573 persolvite
894 2495 982 2555 terris

259 2580 306 2638 Ac
326 2578 394 2638 mibi
417 2580 590 2657 deceptum,
611 2595 735 2659 precor,
760 2589 883 2640 exorate
904 2584 1079 2659 parentem?

326 2664 376 2723 Sic
398 2665 453 2740 ait,
475 2665 675 2743 insignemque
696 2665 818 2724 animam
839 2681 977 2725 mucrone
997 2681 1122 2724 corusco

258 2747 472 2824 Dedignantem
492 2759 570 2808 artus
591 2749 704 2828 pridem
725 2758 925 2827 moestamque
944 2750 1037 2809 teneri
1122 2774 1125 2779 ⁴

262 2831 388 2910 Arripit,
410 2841 496 2911 atque
518 2848 575 2890 uuo
597 2835 758 2912 quaesitam
780 2833 902 2892 vnlnere
925 2835 1042 2912 rumpit.

260 2915 407 2992 Sanguine
430 2924 498 2975 tnnc
516 2919 627 2994 spargit
644 2925 740 2976 turres
759 2926 789 2975 et
806 2916 920 2976 moenia
939 2917 1052 2991 lustrat,

260 3002 360 3078 Seque
383 3017 473 3078 snper
493 3000 604 3061 medias
626 3002 707 3061 acies
728 3002 852 3061 nondum
876 3018 948 3061 ense
967 3001 1091 3060 remisso

259 3086 333 3147 lecit
356 3087 435 3145 etin
458 3101 565 3144 saevos
587 3086 695 3145 cadere
719 3095 765 3146 est
787 3094 906 3147 conatus
924 3085 1065 3146 Achivos.

259 3170 315 3229 Ast
335 3170 414 3230 illum
435 3169 588 3249 amplexae
607 3169 704 3230 Pietas
723 3170 882 3250 Virtusque
902 3170 1037 3232 ferebant

258 3255 376 3315 Leniter
397 3254 433 3314 ad
455 3265 550 3315 terras
572 3271 694 3334 corpus;
715 3272 780 3316 nam
802 3256 921 3335 spiritus
944 3255 1015 3316 olim

259 3339 336 3398 Ante
354 3338 454 3400 lovem
476 3348 506 3400 et
525 3341 640 3400 summis
662 3340 776 3419 apicem
796 3340 853 3401 sibi
872 3341 970 3421 poscit
987 3341 1016 3400 in
1035 3341 1129 3400 astris.

322 3423 440 3503 lamque
462 3426 536 3486 intra
556 3442 655 3484 muros
674 3425 756 3486 nullo
778 3427 886 3486 sudore
909 3434 1061 3505 receptam

259 3508 425 3570 Gaudentes
444 3509 535 3570 heroa
556 3510 666 3577 ierunt:
690 3509 878 3572 abscesserat
899 3510 976 3570 ultro

258 3593 439 3654 Tantalidum
460 3605 599 3656 venerata
621 3594 744 3665 cobors;
765 3595 844 3656 subit
865 3596 980 3673 agmins
1001 3595 1091 3675 longo

258 3676 344 3740 Colla
363 3680 437 3739 inter
457 3680 607 3756 iuvenum,
631 3679 774 3759 laetisque
795 3680 946 3741 favoribus
968 3682 1045 3742 omni

258 3761 428 3825 Concinitur
445 3763 535 3842 vulgo
556 3763 693 3828 Cadmum
709 3775 803 3848 atque·
820 3766 993 3849 smpsimus
1005 3780 1128 3898 mdc}
