3134 4434
314 449 355 509 50
646 460 832 510 1³.1³s1>1u11
856 460 972 511 susan

314 619 382 698 lpse
405 615 521 696 quidem
538 614 622 681 ¹malit
641 625 736 678 terras
756 627 924 698 pugnatque
947 621 1066 697 reverti,
1093 666 1097 673 .

314 702 383 763 Fert
403 703 506 778 ingens
528 719 544 762 a
566 719 666 781 puppe
688 699 801 779 Notus,
823 711 891 763 tuno
913 714 974 764 arte
997 705 1100 766 relicta

314 787 437 865 Ingemit
458 795 488 846 et
510 803 615 846 caecas
635 787 767 865 sequitur
785 788 840 847 iam
862 791 979 849 nescius
1002 791 1108 850 undas:

314 872 394 932 Talis
415 871 591 949 Agenoreus
612 871 716 933 ductor
737 871 883 951 coeloque
901 882 1060 935 morantem

313 956 476 1018 lucilerum
498 965 528 1017 et
549 956 632 1017 seros
653 956 851 1017 moerentibus
871 957 1003 1037 increpat
1023 968 1113 1020 ortus.

377 1040 459 1102 Ecce
479 1040 532 1101 sub
555 1039 692 1102 occiduas
712 1058 818 1105 versae
839 1043 897 1112 iana
912 1045 1008 1102 noctis
1029 1043 1158 1105 habenas
1224 1070 1227 1075 ·

313 1127 524 1205 Astrornmque
548 1124 659 1203 obitus,
683 1124 731 1185 ubi
751 1124 871 1205 primum
891 1127 1012 1188 maxima
1036 1128 1148 1206 Tethys

313 1209 419 1291 lupulit
440 1209 505 1270 Eoo
529 1218 712 1271 cunctantem
733 1209 901 1290 Hyperiona
921 1221 1023 1291 ponto,

313 1296 372 1357 lma
394 1295 568 1373 flagellatis,
590 1290 702 1373 signnm
723 1293 848 1372 lugubre
868 1295 1019 1373 malorum,

313 1379 493 1442 Ponderibus
514 1380 669 1458 trepidavit
688 1379 805 1458 humus,
826 1388 978 1460 motusque
1001 1380 1159 1444 Cithaeron

313 1465 455 1544 Antiquas
475 1463 554 1525 dedit
574 1466 618 1525 ire
639 1465 736 1534 uives;
758 1473 827 1525 tunc
845 1467 908 1526 visa
929 1466 1021 1528 levari

314 1550 444 1611 Culmina
464 1557 673 1628 septenaeque·
686 1550 955 1626 iugocouourrere
978 1559 1091 1631 portae.
1123 1576 1125 1581 ’

376 1633 414 1695 llt
434 1650 528 1713 prope
550 1642 615 1694 sunt
637 1650 758 1715 causae:
781 1634 881 1713 gelido
900 1636 1049 1697 remeabat
1067 1636 1132 1697 Eoo

311 1721 405 1781 lratus
423 1716 491 1778 iatis
513 1727 543 1779 et
559 1719 653 1778 tristis
673 1727 767 1779 morte
788 1729 893 1797 negata

312 1802 503 1872 Hemonides;
525 1802 859 1885 necdum-orapatent,
881 1803 1045 1884 dubiusque
1065 1808 1159 1866 notari

313 1890 403 1967 Signa
422 1887 508 1949 dabat
527 1904 649 1965 magnae
667 1888 757 1967 longe
776 1889 929 1949 manifesta
950 1889 1051 1949 ruinae

312 1974 491 2053 Planctuque
512 1981 543 2033 et
563 1970 687 2051 gemitu:
710 1968 846 2034 lacrimas
867 1990 932 2034 nam
953 1975 1084 2053 protinus
1108 1993 1210 2038 omines

312 2057 447 2119 Fuderat.
486 2056 569 2119 Haud
590 2057 676 2118 aliter
694 2058 770 2118 saltu
793 2057 953 2119 devertitur
974 2058 1064 2120 orbus

312 2144 415 2205 Pastor
432 2142 469 2204 ab
491 2150 639 2222 agrestum
658 2151 799 2203 nocturna
818 2152 918 2223 strage
938 2143 1083 2223 luporum,

314 2227 402 2290 Cuius
423 2227 518 2289 herile
536 2245 629 2307 pecus
649 2227 732 2288 silvis
752 2228 885 2307 inopinus
909 2227 1008 2306 abegit

311 2313 408 2375 Imber
431 2322 461 2374 et
481 2312 627 2375 hibernae.
642 2322 766 2373 ventosa
788 2314 938 2374 cacumina
958 2313 1053 2374 lunae.

311 2399 390 2460 Luce
409 2407 508 2477 patent
530 2397 654 2465 caedes:
678 2397 793 2457 domino
813 2397 949 2478 perferre
969 2406 1108 2459 recentes

312 2483 381 2562 lpse
403 2485 484 2542 timet
503 2491 605 2559 casus,
625 2480 786 2561 haustaque
807 2482 938 2543 informis
960 2500 1048 2542 asena

312 2564 470 2641 Quoslibos
489 2565 581 2644 inplet
602 2582 707 2643 agros,
728 2565 893 2645 stabulique
912 2568 1028 2627 silentia
1045 2570 1141 2646 magni

312 2650 379 2711 Odit
400 2659 430 2711 et
450 2650 573 2711 amissos
593 2648 683 2737 longo
695 2650 764 2710 ciet
785 2650 888 2711 ordine
906 2660 1015 2712 tauros.

373 2735 458 2796 lllum
478 2742 641 2813 congestae
663 2743 812 2815 portarum
838 2735 874 2796 ad
895 2736 991 2797 limina
1012 2746 1120 2798 matres

310 2821 348 2883 Ut
369 2821 463 2882 solum
480 2818 714 2896 videre-netas!
725 2820 815 2881 ¹nulla
833 2822 947 2900 agmina
967 2824 1085 2898 circum,

309 2905 566 2986 llagnauirnosque
584 2904 679 2966 ¹duces
698 2904 767 2966 nibil
790 2922 879 2966 ausae
902 2924 1062 2988 quaerere,
1084 2907 1191 2968 tollunt
1294 2921 1306 2934 ·

311 2989 494 3069 Clamorem,
514 2990 605 3072 bello·
618 2990 712 3070 qualis
731 3008 884 3069 supremus
905 2992 1015 3072 apertis

310 3074 454 3153 Urbibus,
477 3085 525 3136 aut
540 3075 654 3156 pelago
675 3077 731 3137 iam
750 3075 953 3138 descendente
975 3078 1082 3137 carina.

373 3159 411 3221 Ut
428 3161 548 3241 primurn
570 3161 653 3220 invisi
670 3160 780 3240 ¹cupido
803 3160 869 3222 data
891 3163 977 3241 copia
999 3163 1096 3240 regis:

311 3244 410 3306 ‘Hanc
431 3244 484 3305 tibi
505 3245 541 3305 de
562 3253 642 3305 tanto
664 3245 752 3307 donat
770 3246 851 3307 ierus
873 3248 988 3325 agmine
1008 3244 1127 3321 Tydeus

310 3329 461 3391 Infelicem
485 3330 620 3407 animam,
644 3330 707 3390 sire
728 3331 804 3392 haec
825 3331 968 3393 sententia
990 3330 1096 3407 divum,

310 3416 370 3475 Seu
392 3414 506 3475 fortuna
528 3413 602 3491 init,¹
620 3431 690 3493 seo,
712 3416 790 3496 quod
812 3416 900 3496 pudet
921 3432 975 3476 ore
995 3415 1093 3492 lateri,

310 3499 363 3560 Vis
381 3500 487 3559 invicta
503 3499 577 3567 viri3¹
597 3500 646 3559 vix
669 3501 759 3562 credo
781 3509 813 3561 et
834 3501 964 3576 nuntius,
985 3516 1085 3561 omnes

308 3584 511 3661 Procubuere‚
535 3600 645 3646 omnes.
697 3584 800 3647 Nostis
821 3602 897 3663 vaga
917 3584 1022 3646 lumina
1043 3595 1137 3647 testor

311 3669 349 3730 Et
369 3671 480 3731 socium
501 3686 600 3730 manes
622 3678 660 3731 et·
673 3669 816 3753 tepmals
838 3671 969 3750 protinus
992 3670 1065 3748 ales,

307 3753 374 3826 Qua
396 3752 590 3834 redeo,'·non
608 3754 683 3818 bane
702 3754 830 3817 lacrimis
848 3756 991 3819 meruisse
1013 3774 1069 3820 nec
1090 3766 1152 3819 astu
