3134 4434
216 434 224 453 ·
280 421 339 482 190
615 433 801 482 P.PAP1N11
824 433 953 483 suurn·

279 592 365 651 ‘Viae
389 597 557 669 superstes,
581 589 635 664 ait,
657 589 799 668 diraeque
819 590 855 651 ad
873 592 987 651 moenia
1009 590 1139 654 Thebes

277 676 366 738 Solus
388 673 449 751 abi,
472 677 596 758 miseros
618 691 675 734 non
693 675 854 753 decepture
876 685 1024 754 parentes.
1247 693 1293 748 295

276 761 315 821 Di
336 760 428 835 hene,
457 759 535 837 quod
556 777 668 838 pugnas
688 760 820 838 rapidum
839 759 946 821 deiecit
967 761 996 819 in
1019 780 1144 824 amnem
1197 786 1223 817 e

278 846 441 923 Sanguiuea
462 842 585 904 Bellona
606 862 707 918 manu;
732 843 818 904 trahit
841 844 915 904 unda
936 847 1077 907 timentes

279 930 399 1008 Gurgite
419 929 538 1006 gentili,
560 928 635 988 nuda
657 947 713 989 nec
734 927 840 988 flebilis
862 928 961 990 umbra

278 1013 418 1075 Stridebit
439 1022 557 1073 vestros
579 1012 696 1089 Tydeus
718 1013 879 1073 inhumatus
900 1015 936 1075 ad
958 1016 1053 1092 ignes.

277 1099 359 1160 Ibitis
381 1099 536 1178 aequoreis
556 1097 685 1158 crudelia
707 1097 814 1176 pabula
836 1101 982 1174 monstris,
1248 1118 1295 1174 333

277 1183 360 1244 Illum
383 1193 461 1243 terra
481 1182 562 1242 vehit
582 1200 692 1260 suaque
713 1184 742 1241 iu
761 1183 918 1261 primordia
939 1183 1052 1244 solvit!

342 1270 391 1328 Sic
411 1268 516 1347 premit
538 1267 678 1327 adversos
702 1275 731 1326 et
753 1267 873 1328 acerbat
894 1268 1015 1328 vulnera
1037 1268 1142 1334 dictis.

278 1354 323 1415 Ac
340 1371 414 1413 nunc
435 1370 506 1418 ense
526 1352 611 1428 furit,
633 1370 709 1411 nuuc
730 1352 790 1412 tela
810 1355 934 1413 natantia
954 1363 1076 1431 raptans

276 1439 401 1516 Ingerit,
424 1439 560 1516 innuptae
581 1439 716 1497 comitem
738 1435 877 1498 Therona
890 1437 1013 1514 Dianae,

277 1522 502 1601 Ruricolamque
526 1521 606 1598 Gyan
627 1541 690 1582 cum
712 1521 868 1598 fluctivago
890 1521 1011 1599 Ergino,
1247 1543 1295 1596 305

277 1609 482 1686 lutonsumque
504 1605 618 1666 Hersen
640 1615 929 1686 contemptoremque
949 1606 1089 1686 profundi

279 1691 422 1767 Crethea,
445 1691 603 1751 nimbosam
625 1693 674 1770 qui
697 1709 788 1770 saepe
810 1689 979 1771 Caphereos
998 1709 1100 1754 arcem
1192 1735 1196 1742 -

215 1804 217 1808 ·
277 1776 484 1855 Euboicasque
507 1776 617 1836 hiemes
638 1794 727 1854 parva
747 1776 943 1854 transfugerat
963 1777 1041 1836 alno.

279 1862 355 1936 Quid
376 1879 434 1920 non
453 1860 510 1920 fata
533 1858 659 1938 queant?
685 1862 823 1920 traiectus
846 1870 967 1941 pectora
988 1861 1070 1922 ferro

277 1947 411 2007 Volvitur
433 1947 461 2004 in
483 1944 602 2021 fluctus,
625 1946 682 2006 heu
705 1947 786 2006 cuius
805 1946 961 2024 naufragus
983 1945 1097 2009 undae!
1245 1966 1295 2020 310

342 2030 384 2091 Te
408 2048 524 2110 quoque
543 2030 659 2112 sublimi
680 2040 874 2092 transnantem
897 2031 1009 2091 flumina
1031 2049 1136 2112 curru,

277 2117 350 2177 Dum
373 2118 487 2190 socios,
508 2114 663 2192 Pharsale,
686 2117 779 2195 petis,
802 2118 951 2195 resupinat
972 2115 1119 2195 ademptis

277 2202 385 2262 Dorica
411 2203 509 2279 cuspis
532 2203 630 2279 equis;
653 2201 721 2260 illos
740 2201 880 2261 violentia
899 2202 980 2262 saevi

279 2286 405 2363 Gurgitis
427 2285 586 2364 infelixque
606 2286 665 2363 iugi
685 2285 842 2347 concordia
863 2287 978 2363 mergit.

340 2369 423 2429 Nunc
442 2388 514 2447 age,
539 2372 602 2448 quis
621 2371 734 2431 tumidis
747 2388 880 2449 magnum
895 2373 1110 2449 expugnaverit
1128 2379 1222 2440 undis
1244 2389 1293 2444 315

276 2454 507 2535 Hippomedonta
529 2453 628 2530 labor,
651 2474 703 2516 cur
723 2457 789 2535 ipse
813 2458 926 2516 excitus
948 2457 975 2515 iu
997 2445 1075 2516 arma

277 2540 425 2615 Ismenos,
449 2539 552 2598 doctae
573 2557 662 2599 nosse
684 2540 833 2618 Indulgere
856 2558 989 2600 sorores:

275 2624 411 2683 Vestrum
433 2640 507 2701 opus
529 2624 571 2683 fre
592 2633 671 2684 retro
694 2634 726 2684 et
744 2626 854 2686 senium
877 2624 1035 2686 defendere
1055 2623 1168 2688 famae.

277 2708 427 2769 Gaudebat
447 2706 546 2768 Tauno
568 2709 752 2788 nymphaque
773 2709 916 2772 Ismenide
939 2719 1021 2770 natus

276 2793 414 2853 Maternis
436 2793 548 2853 bellare
569 2803 653 2855 tener
675 2791 823 2855 Crenaeus
844 2797 872 2855 in
892 2795 986 2871 undis,

278 2877 442 2956 Crenaeus,
465 2879 510 2938 cui
532 2879 623 2959 prima
645 2880 708 2940 dies
730 2882 758 2940 in
778 2883 895 2958 gurgite
917 2879 975 2940 sudo
1059 2919 1062 2924 ·

275 2963 314 3023 Et
334 2964 430 3023 natale
452 2964 557 3023 vadum
577 2974 607 3024 et
626 2965 735 3024 vlrides
759 2965 900 3025 cunabula
919 2965 1010 3043 ripae.

274 3048 356 3125 Ergo
378 3057 456 3108 ratus
479 3049 548 3109 nihil
567 3048 684 3125 Elysias
705 3050 744 3109 ibi
766 3067 856 3130 posse
877 3067 1007 3126 sorores,

273 3132 379 3193 Laetus
401 3133 563 3194 adulantem
581 3152 655 3194 nunc
677 3132 735 3194 hoc
756 3153 831 3196 nunc
848 3137 977 3212 margine
999 3135 1034 3196 ab
1056 3135 1109 3196 illo

276 3217 391 3278 Transit
409 3235 508 3294 avum,
532 3217 611 3279 levat
632 3219 707 3278 unda
727 3221 852 3296 gradus,
872 3238 925 3278 seu
943 3219 1056 3280 defluus
1080 3220 1149 3300 ille,
1239 3238 1289 3292 325

274 3304 345 3363 Sive
367 3301 501 3380 obliquus
525 3310 588 3380 eat,
613 3322 669 3363 nec
689 3321 775 3382 quum
796 3304 871 3365 subit
892 3303 1012 3382 obvius,
1034 3305 1112 3365 ullas

275 3390 383 3465 Stagna
405 3387 515 3447 dedere
535 3405 648 3465 moras,
671 3389 838 3469 pariterque
858 3391 1013 3450 revertitur
1034 3392 1141 3452 amnis.

274 3471 340 3532 Nou
361 3470 538 3532 Anthedonii
558 3475 631 3550 tegit
652 3472 775 3553 hospitis
798 3477 912 3553 inguina
938 3483 1043 3553 pontus

274 3556 427 3633 Blandior,
451 3558 562 3617 aestivo
582 3576 639 3618 nec
660 3577 694 3619 se
714 3562 807 3637 magis
829 3577 960 3639 aequore
980 3559 1082 3620 Triton

273 3641 393 3719 Exerit,
416 3650 463 3701 aut
485 3659 570 3703 carae
591 3642 712 3703 festinus
735 3645 771 3705 ad
789 3645 892 3706 oscula
913 3645 1012 3704 matris
1240 3667 1291 3722 333

272 3725 366 3801 Quum
389 3737 499 3790 remeat
519 3727 688 3809 tardumque
711 3728 779 3790 ierit
802 3730 938 3811 delphina
960 3729 1131 3794 Palaemon.
