3134 4434
506 813 558 894 P.‘
581 811 793 895 PAPINH
822 810 1000 894 STATII

344 977 694 1080 ΤΗΕΒ
747 978 984 1082 ΑΙΙ)
1037 970 1174 1082 O'S

568 1166 941 1243 eruuntur.

655 1360 853 1371 ...ιιι-...ῃ

259 1437 314 1551 Ut
335 1491 445 1551 subitus
467 1498 551 1550 vates
571 1489 745 1568 pallentibus
768 1492 867 1553 incidit
887 1489 1006 1565 umbris,

258 1575 461 1655 letiferasque
480 1575 582 1636 domos
602 1575 743 1655 orbisque
763 1594 868 1638 areana
889 1573 995 1653 sepulti

260 1659 348 1738 Rupit
368 1669 398 1720 et
418 1668 528 1722 armato
550 1659 675 1722 turbarit
696 1661 800 1722 funere
819 1659 932 1726 lienem

258 1744 370 1805 Horror
390 1745 478 1807 babet
500 1753 637 1821 cunctos,
660 1746 770 1824 Stygiis
790 1747 926 1806 mirantur
946 1745 974 1804 in
996 1743 1057 1803 oris

259 1829 332 1889 Tela
345 1838 374 1889 el
386 1849 478 1910 equos
490 1847 655 1909 corpusque
665 1847 787 1900 novum;
804 1848 900 1909 neque
913 1830 988 1889 enim
999 1826 1113 1906 ignibus
1124 1837 1203 1891 artus
1236 1840 1253 1891 ὁ

260 1912 399 1975 Conditus
415 1925 470 1976 aut
490 1923 602 1975 moesta
623 1916 707 1992 niger
726 1913 899 1976 adventabat
920 1912 957 1975 ab
975 1931 1056 1989 urna,

259 1998 319 2058 Sed
340 1997 411 2059 belli
433 2000 539 2061 sudore
562 1998 678 2075 calens,
698 1999 883 2078 clipeumque
904 2000 1030 2058 cruentis

257 2081 383 2142 Renibus
409 2094 438 2144 et
459 2086 545 2144 scissi
564 2101 719 2162 respersus
738 2083 863 2162 puluere
884 2082 987 2160 campi.

257 2166 387 2228 Necdum
409 2169 490 2229 illum
509 2176 557 2230 aut
577 2176 678 2229 trunca
697 2167 871 2229 lustraverat
892 2165 978 2227 obuia
1001 2173 1068 2226 taxo

257 2251 411 2331 Eumenis,
433 2263 481 2314 aut
499 2253 583 2313 lurco
605 2251 780 2331 Proserpina
801 2261 887 2331 poste
909 2259 1022 2311 notarat

259 2334 400 2397 Goetibus
423 2347 599 2418 assumptum
617 2337 738 2406 iunctim
762 2338 830 2416 quin
849 2336 978 2398 cominus
1001 2336 1065 2415 ipsa

257 2420 392 2482 Fatorum
412 2423 556 2502 deprensa
577 2421 676 2498 colus,
699 2422 823 2502 visoque
844 2429 986 2501 paventes

256 2505 377 2584 Augure
400 2514 467 2568 tunc
488 2508 601 2571 demum
621 2507 793 2587 rumpebant
810 2506 931 2569 stamina
951 2503 1071 2566 Parcae.

320 2591 403 2652 Illum
426 2602 456 2654 et
477 2594 574 2655 securi
596 2592 833 2672 circumspexere
855 2590 1005 2669 fragorem

256 2675 366 2751 Elysii,
391 2685 420 2736 et
441 2678 466 2736 si
487 2696 561 2758 quos
580 2677 685 2756 procul
705 2677 845 2738 inferiore
864 2673 999 2737 barathro

256 2758 358 2819 Altera
379 2777 438 2821 nox
456 2761 579 2840 aliisque
599 2769 703 2837 gravat
724 2761 812 2840 plaga
834 2776 925 2821 caeca
945 2755 1086 2818 tenebris.

258 2844 339 2905 'lunc
358 2854 511 2921 regemunt
530 2847 665 2924 pigrique
684 2845 765 2905 lacus
787 2853 928 2922 ustaeque
953 2840 1086 2921 paludes,

256 2927 498 3008 Umbriferaeque
519 2929 617 2992 fremit
639 2928 768 2990 sulcator
788 2927 912 3008 pallidus
934 2925 1039 3001 undae,
1097 2978 1101 2985 .

255 3012 426 3073 Dissiluisse
446 3030 523 3075 novo
549 3015 663 3094 penitus
682 3012 797 3083 telluris
816 3011 895 3074 biatu
1132 3013 1134 3017 ’

257 3097 376 3158 Tartara
398 3107 428 3159 et
448 3098 590 3166 admissos
610 3116 668 3159 uon
688 3115 813 3178 per-sua
831 3096 947 3158 flumina
964 3091 1075 3155 Manes.

318 3181 407 3242 Forte
429 3184 545 3246 sedens·
557 3184 651 3246 media
671 3183 754 3260 regni
772 3181 898 3243 iuielicis
921 3182 951 3241 in
971 3196 1039 3241 arce

255 3267 322 3327 Dux
343 3264 433 3330 Erebi
451 3270 578 3350 populos
598 3266 742 3349 poscebat
760 3267 878 3328 crimina
896 3266 985 3340 vitae,

255 3350 303 3411 Nil
327 3351 470 3414 bominum
488 3357 633 3417 miserans
653 3355 802 3432 iratusque
824 3348 956 3411 omnibus
977 3347 1094 3435 umbris.

256 3437 338 3497 Stant
359 3435 464 3499 Furiae
486 3442 594 3501 circum
615 3439 772 3518 variaeque
796 3455 837 3498 ex
857 3435 959 3497 ordine
978 3431 1100 3510 Mortes,

255 3523 410 3601 Saevaque
432 3524 601 3587 multisonas
623 3532 745 3587 exercet
765 3523 863 3583 Poena
885 3529 1012 3599 catenas.

255 3605 326 3667 Fata
349 3606 446 3668 ferunt
466 3611 574 3671 ammas
595 3619 625 3671 et
647 3607 752 3684 eodem
772 3606 882 3687 pollice
902 3605 1043 3669 damnant.

254 3691 352 3752 Vincit
373 3709 463 3772 opus:
486 3695 564 3757 iuxta
586 3694 681 3759 lliuos
703 3711 772 3757 cum
789 3691 887 3756 tratre
904 3686 1046 3753 terendo

288 3795 426 3840 suarius
449 3801 484 3841 rr.
1082 3759 1131 3815 Ἄ
