3134 4434
312 436 371 498 166
643 446 675 494 Ρ.
697 442 830 493 Parnon
850 442 967 494 STA'HI

310 603 392 678 Quae
415 616 516 680 pacem
535 599 627 679 magis
649 600 721 662 hora
742 600 831 680 velit,
851 600 989 681 quisdam
1008 616 1106 664 omne
1126 605 1255 669 intusum
1273 617 1308 673 lm

308 685 461 763 Prolem,
483 694 532 747 aut
554 702 696 766 namquo
718 686 857 747 volucres
878 686 1027 748 meelate
1049 688 1244 769 loquentur?

307 771 369 832 llos
392 786 508 850 quoque
529 769 672 832 bellorum
693 788 779 831 cesus
800 769 944 850 uobisque
965 769 1087 851 tibique

308 855 510 932 Praescierns,
532 863 623 916 et-
646 865 751 936 querna
770 871 855 916 sacro
879 855 933 915 suh
954 864 1088 934 pectore
1114 861 1229 924 virtus!
1249 896 1286 909 -—

308 940 419 1001 Venisti
441 949 537 1000 tumen
559 948 590 1000 et
608 941 721 1001 miseris
741 956 840 1000 comes
859 940 971 1000 additus
993 943 1101 1004 arnis.

308 1023 346 1084 Et
365 1043 450 1104 quum
472 1034 501 1085 te
523 1024 611 1085 tellus
632 1024 788 1104 letalisque
807 1024 879 1086 hora
900 1034 1036 1104 vocaret,
1271 1040 1309 1097 yffi

309 1109 351 1170 'lu
375 1109 478 1186 Tyrias
500 1109 581 1169 acies
601 1110 783 1189 adversaque
802 1111 885 1188 siqua
904 1111 1017 1171 vocasti

309 1197 464 1262 Sternere;
485 1201 555 1253 tunc
577 1195 662 1255 etiam
684 1194 778 1256 media
800 1194 837 1255 de
860 1204 953 1255 morte
973 1195 1144 1260 timendum
1198 1222 1201 1227 ·

307 1278 447 1339 Hostibus
469 1276 634 1358 infestaque
655 1278 810 1340 abeuntem
828 1279 950 1341 uidimus
972 1278 1068 1342 hasta.
1120 1304 1124 1313 ·

308 1363 345 1424 Et
366 1381 441 1422 nunc
461 1371 491 1424 te
513 1363 576 1442 quis
595 1380 680 1424 casas
700 1361 807 1425 hahet?
829 1365 980 1445 poterisne
997 1369 1118 1429 reverti

308 1448 434 1510 Sedibus
457 1466 474 1508 a
496 1446 604 1525 Stygiis
625 1448 740 1527 ultaque
759 1466 913 1528 erumpere
933 1446 1036 1509 terrui
1270 1466 1311 1522 1⁹]

307 1534 391 1594 Anne
414 1531 501 1593 sedes
523 1532 622 1601 hilaris
642 1534 721 1594 iuxta
738 1541 788 1594 tua
809 1534 920 1593 numine
941 1531 1050 1594 Parcas

306 1617 345 1679 Et
366 1619 431 1677 vice
450 1618 590 1678 concordi
609 1617 698 1678 discis
720 1627 841 1679 ventura
862 1614 1035 1697 docesque?

307 1703 354 1763 An
375 1701 426 1762 tibi
445 1701 550 1761 felices
572 1701 656 1763 lucos
677 1703 829 1763 miseratus
847 1701 957 1762 Averni

308 1786 418 1847 Rector
439 1795 468 1845 et
490 1785 606 1862 Elysias
627 1786 707 1848 dedit
727 1784 877 1847 inservare
897 1783 1059 1847 volucres?

308 1870 452 1949 Quidquid
473 1889 523 1947 es,
545 1880 682 1933 aeternus
704 1871 823 1932 Phoebo
846 1871 932 1933 dolor
954 1880 985 1931 et
1002 1888 1081 1933 nova
1110 1874 1225 1939 clades
1274 1888 1311 1945 lto

307 1957 432 2033 Semper
454 1955 529 2032 eris,
548 1957 691 2036 mutisque
712 1956 759 2016 diu
781 1954 938 2036 plorabere
955 1955 1093 2035 Delphis.

305 2039 360 2101 llic
380 2039 520 2101 Tenedon
541 2038 738 2120 cyrrhamque
759 2041 823 2102 dies
842 2051 986 2121 partuque
1006 2040 1132 2119 ligatam

306 2125 403 2186 Delon
426 2134 455 2185 et
475 2127 581 2185 intonsi
603 2125 702 2186 cludet
718 2125 880 2205 penetralia
897 2125 1035 2195 Branchi3

307 2210 372 2270 Nec
395 2207 507 2270 Clarias
529 2210 585 2271 hac
604 2210 671 2270 luce
693 2210 774 2271 iores
796 2209 1014 2290 Didymaeaque
1036 2211 1203 2295 quiequam

307 2295 431 2371 Limina,
453 2313 509 2356 uec
530 2294 645 2370 Lyciam
667 2296 793 2376 supplex
815 2296 964 2357 consultor
982 2294 1082 2356 adibit.
1269 2313 1310 2368 lto

308 2379 384 2453 Quin
404 2388 433 2440 et
453 2380 599 2457 cornigeri
618 2381 692 2441 vatis
714 2398 815 2440 nemus
837 2390 924 2460 atque
946 2379 1070 2441 Molossi

308 2463 441 2537 Quercus
464 2464 568 2524 anhela
589 2464 667 2524 lovis
689 2464 871 2544 Troianaque
892 2464 1037 2541 Thymbra
1057 2467 1189 2531 tacebit.

307 2548 367 2627 lpsi
389 2566 488 2609 amnes
509 2549 652 2627 ipsaeque
668 2549 768 2609 volent
790 2567 928 2610 urescere
949 2551 1057 2611 laurus.

309 2633 377 2712 lpse
399 2633 468 2693 nihil
489 2641 598 2694 certum
620 2635 700 2711 sagis
721 2633 907 2711 clangoribus
926 2634 1029 2695 aether

307 2718 477 2794 Praecinet‚
498 2726 527 2777 et
544 2716 622 2776 nulle
641 2716 780 2778 ferientur
800 2718 836 2779 ab
854 2719 922 2779 alite
940 2717 1044 2779 nabes.
1266 2736 1311 2791 spo

307 2802 425 2882 lamque
449 2803 502 2862 erit
524 2800 673 2880 inedies,
696 2812 805 2882 quote
827 2821 944 2884 quoque
968 2803 1089 2865 conscia
1111 2804 1170 2868 lati

307 2887 427 2965 Temple
449 2887 546 2948 colant
565 2887 725 2966 reddatque
746 2897 811 2949 tuus
830 2906 972 2968 responsa
996 2889 1168 2951 sacerdos.l

371 2970 451 3033 'lolia
473 2971 592 3034 fatidico
615 2982 758 3051 peragunt
779 2972 931 3034 sollemnia
952 2974 1028 3050 regi,

307 3054 370 3117 Cen
388 3057 516 3117 flammas
532 3058 573 3117 ”uc
593 3056 668 3119 dona
688 3074 763 3136 rogo
782 3059 940 3138 tristesque
954 3056 1117 3136 rependant

306 3141 473 3220 Exeqnias‚
496 3141 634 3220 mollique
656 3145 774 3205 animam
792 3143 899 3203 tellure
920 3150 1072 3223 reponant.
1269 3164 1314 3218 210

305 3224 410 3285 Fracta
433 3225 537 3286 dehinc
559 3229 670 3288 cunctis
690 3244 855 3306 aversaque
876 3238 998 3307 pectora
1018 3226 1112 3289 hello.

307 3309 356 3369 Sic
379 3310 471 3370 fortes
493 3308 723 3386 llinyassuhito
748 3330 837 3392 quum
851 3312 956 3373 humere
978 3311 1090 3390 Tiphys

306 3393 460 3471 Destituit,
483 3411 540 3454 non
564 3414 642 3458 erma
662 3397 763 3477 sequi,
787 3414 845 3457 non
867 3398 946 3458 ferre
967 3397 1082 3457 videtur

306 3478 414 3539 Remus
435 3497 542 3557 aquas,
566 3481 682 3562 ipsique
701 3483 794 3541 minus
814 3483 870 3543 iam
888 3482 998 3544 ducere
1020 3484 1111 3543 venti.

370 3562 429 3622 lam
450 3563 536 3624 fessis
558 3568 667 3644 gemitu
686 3566 824 3645 paulatim
846 3564 934 3628 corda
956 3565 1075 3627 leuabat
1268 3590 1315 3644 215

305 3646 470 3707 Exhaustus
492 3658 627 3710 sermone
650 3650 750 3728 dolor,
771 3667 890 3730 noxque
912 3651 1007 3712 addite
1025 3668 1113 3712 curas

305 3729 424 3813 Obruit,
449 3742 481 3796 et
499 3734 746 3798 facilis-lacrimis
765 3737 907 3817 inrepere
928 3753 1058 3795 somnus.
1182 3722 1192 3743 “
