3134 4434
573 470 770 521 ammos
791 471 861 520 unt.
883 470 916 518 V.
1211 460 1251 521 97

266 633 430 695 Cessavere
451 648 546 693 novae
565 629 699 711 perlecto
720 627 786 689 sole
807 627 956 688 tenebrae.
1201 640 1252 694 180

266 722 340 780 Sera
359 727 454 779 tamen
471 715 576 777 mundo
594 721 735 775 venerunt
754 720 850 789 astra,
872 713 926 775 sed
948 713 1004 774 illis
1088 762 1091 767 ,

265 804 304 864 Et
324 804 413 864 Paros
433 810 463 862 et
483 817 637 861 nemorosa
655 797 768 859 Thasos
788 796 969 877 crebraeque
985 796 1116 859 relucent

267 886 424 966 cycladem
443 904 498 946 una
519 886 601 963 gravi
621 883 735 964 penitus
757 882 828 943 latet
849 881 952 944 obruta
971 883 1058 944 coelo

263 973 404 1048 Lemnos,
426 971 454 1029 in
469 971 543 1030 hano
556 970 654 1030 tristes
668 966 811 1045 nebulae,
827 976 855 1028 et
870 967 958 1066 plaga
972 985 1062 1029 caeca
1076 988 1202 1049 superne

264 1058 399 1132 Texitur,
422 1074 477 1115 una
498 1055 582 1132 vagis
596 1052 720 1114 Lemnos
739 1068 798 1112 non
818 1053 915 1130 agnita
934 1055 1036 1113 nautis.
1200 1065 1254 1121 185

327 1141 405 1201 lam
418 1138 550 1200 domibus
564 1140 620 1199 iusi
635 1147 664 1198 et
677 1154 826 1197 nemorum
841 1155 896 1216 per
910 1154 1004 1217 opaca
1020 1155 1167 1199 sacrorum

263 1225 377 1288 Ditibas
399 1224 548 1302 indulgent
569 1222 664 1302 epulis
683 1230 865 1301 vacuantque
883 1221 1027 1300 profundo

264 1312 374 1372 hurum
396 1310 507 1369 inmane
528 1324 626 1383 mero,
648 1306 713 1367 dum
735 1324 810 1386 quae
832 1323 887 1386 per
908 1308 1060 1383 Strymona
1082 1325 1207 1387 pugnae,

265 1397 335 1471 Quis
355 1393 499 1472 Rhodope
518 1393 657 1471 gelidove
676 1391 760 1453 labor
779 1391 897 1452 sudatus
918 1393 947 1451 in
966 1391 1088 1468 Haemo,

263 1480 442 1553 Enumerare
463 1486 556 1538 vacat.
598 1475 663 1536 Neo
683 1492 757 1552 non,
779 1493 879 1537 manus
898 1477 991 1556 inpia,
1013 1485 1119 1556 nuptae
1201 1487 1252 1542 19⁰

265 1567 350 1626 Serta
372 1566 446 1625 iuter
465 1561 616 1641 festasque
637 1560 821 1640 dapemque
843 1561 964 1622 maxima
986 1561 1065 1622 cultu

265 1649 407 1729 Quaeque
430 1650 539 1717 iaoeut;
560 1646 680 1707 dederat
699 1646 784 1706 mites
798 1644 950 1722 Cytherea
967 1663 1102 1726 suprema

263 1733 359 1795 Nocte
380 1733 476 1810 viros,
495 1731 644 1810 longoque
664 1729 786 1791 brevem
806 1738 875 1810 post
892 1740 1024 1811 tempore
1048 1750 1151 1811 pacem
1253 1752 1255 1759 ·

264 1818 463 1898 Nequicquam
485 1825 515 1877 et
532 1817 656 1876 miseros
678 1816 809 1895 perituro
830 1814 981 1877 afflaverat
1001 1817 1071 1894 igni,

326 1900 514 1962 ‘Conticuere
538 1899 635 1977 chori,
655 1899 777 1979 dapibus
799 1899 926 1979 ludoque
946 1901 1046 1962 licenti
1202 1913 1253 1968 195¹

263 1988 310 2050 Fit
331 1987 451 2063 modus,
474 1990 508 2046 et‘
525 1987 634 2065 primae
658 1984 833 2045 decrescunt
849 2003 992 2046 murmura
1013 1987 1118 2062 noctis,

265 2072 358 2148 Quum
380 2072 586 2148 consanguinei
607 2070 712 2129 mixtus
734 2069 859 2147 caligine
879 2068 930 2130 loti

264 2158 344 2218 Rore
364 2155 483 2217 madens
503 2154 606 2231 Stygio
627 2154 793 2214 morituram
814 2153 996 2254 amplectitur
1017 2153 1118 2215 urbem

265 2245 402 2318 Somnus,
426 2249 456 2299 et
476 2237 621 2318 inplacidc
643 2237 735 2298 matu
753 2239 855 2316 grauia
877 2239 935 2300 otia
956 2254 1047 2299 cornu
1227 2288 1231 2295 .

264 2327 457 2404 secernitque
477 2325 568 2384 viros
611 2321 739 2399 Vigilaut
760 2331 926 2403 nuptaeque
947 2341 1093 2403 nurusque
1142 2358 1145 2363 ·
1199 2332 1256 2390 aab

264 2411 297 2471 ln
318 2411 434 2488 scelus,
457 2416 543 2489 atque
564 2406 673 2468 hilares
696 2417 801 2468 acuunt
822 2408 885 2469 iera
908 2408 969 2469 tela
989 2425 1118 2473 sorores.

264 2495 403 2557 invasere
424 2493 525 2570 nelaa,
545 2501 650 2553 cuncto
671 2510 726 2554 sua
745 2501 849 2570 regnat
870 2491 998 2570 Erinys

263 2582 402 2642 Pectore:
422 2597 481 2639 non
498 2579 584 2640 aliter
600 2576 755 2654 Scythicos
776 2587 905 2639 armenta
926 2596 982 2658 per.
999 2597 1089 2658 agros
1172 2604 1175 2610 ³

264 2666 416 2742 Hyrcanae
435 2663 569 2725 clausere
587 2663 670 2739 leae,
689 2680 762 2742 quas
782 2663 874 2742 exigit
894 2672 959 2724 ortu
1208 2708 1211 2713 -

264 2751 357 2811 Prima
374 2748 485 2823 inmas,
507 2747 647 2827 aridique·
661 2747 807 2826 inplorant
826 2748 916 2809 ubera
936 2748 1004 2808 nati.
1199 2754 1251 2813 2⁰5

327 2831 422 2906 ‘Quos
442 2830 510 2906 tibi,
528 2848 592 2890 nam
612 2829 728 2908 dubito,
750 2831 906 2892 scelerum·
918 2833 955 2893 de
976 2831 1177 2910 milleiiguris
1252 2857 1256 2863 ·

264 2915 426 2995 Expediam
448 2913 554 2974 casus?
579 2912 721 2974 Helimum
737 2916 894 2976 temeraria
915 2914 1027 2992 Gorge.
1250 2952 1254 2959 -

264 3002 416 3063 Evinctnm
433 2999 520 3060 ramis
543 2997 658 3076 altaque
676 2999 706 3057 in
725 2999 804 3074 mole
824 3007 964 3078 tapetam.
1066 3046 1069 3051 .

264 3085 417 3146 Eiilantem
437 3099 538 3144 somno
558 3083 720 3143 crescentia
740 3084 823 3161 vina,
842 3093 1011 3163 superstans

264 3171 393 3231 Vulnera
415 3169 536 3231 disiecta
555 3167 672 3228 rimatur
688 3177 793 3246 veste,
815 3168 867 3229 sad
885 3168 964 3229 illurn
1197 3182 1251 3236 210

263 3253 370 3317 Infelix
391 3271 482 3335 sopor
499 3253 613 3314 admota
636 3250 690 3313 aab
706 3261 800 3314 morte
818 3252 971 3332 refugia.
1056 3288 1059 3301 =
1156 3308 1160 3315 .

265 3339 407 3403 Turbidus
431 3341 634 3418 incertumque
649 3337 744 3399 oculis
764 3338 950 3417 vigilantibus
974 3338 1087 3403 hostem

265 3425 396 3504 Occupat
417 3423 565 3504 amplexu,
583 3441 640 3484 uec
658 3423 778 3500 segnius
797 3423 848 3485 illa
868 3425 994 3485 tenentis

265 3510 345 3571 Pone
365 3508 453 3586 adigit
475 3516 589 3585 ocsus,
612 3507 707 3569 donec
728 3527 780 3569 sua
801 3516 921 3587 pectora
942 3509 1023 3570 ierro
1051 3562 1054 3567 .

266 3594 422 3672 Tangeret.
465 3592 494 3653 la
515 3592 628 3653 dentum
649 3592 756 3653 sceleri
774 3592 893 3664 modusr
915 3611 968 3656 ura
989 3593 1101 3674 supinat
1198 3604 1249 3659 ιιι

264 3677 388 3740 blandus
404 3676 513 3754 adhuc,
533 3677 684 3758 oculisque
700 3685 829 3739 tremens
842 3687 873 3740 et
890 3696 1033 3742 murmura
1049 3679 1165 3759 Gurgm

265 3763 402 3841 Quaerit,
425 3770 454 3822 et
475 3761 596 3842 indigna
614 3779 673 3826 nou
694 3763 785 3829 ualuit
804 3763 930 3832 brachia
947 3763 1047 3829 calbo.
1166 3797 1168 3801 >

306 3866 441 3910 orsurus
460 3867 496 3910 ιι.
1090 3846 1116 3901 ‘l
