3134 4434
310 453 370 517 198
652 466 684 516 P.
699 466 833 515 aaaron
849 465 964 515 susan

308 622 465 686 Maenadas
485 631 573 704 atque
596 621 711 683 hostem
733 622 806 684 dixit
828 624 959 684 saevisse
979 621 1129 699 Lyaeum.

310 709 385 769 Dum
405 707 496 786 gemit
513 717 543 768 et
564 708 681 788 planctu
700 709 858 769 circumdat
877 717 980 787 pectus
1002 710 1097 788 inani,

311 792 468 872 Abrupere
490 792 568 854 oculi
585 801 717 871 noctem,
740 802 914 871 moestoque
936 792 1025 853 cubili
1280 810 1323 866 noo

311 876 401 937 Exilit
423 885 454 937 et
474 877 567 938 ialsos
588 878 702 957 quaerit
723 895 778 956 per
799 877 903 938 lumina
926 876 1022 937 fletus.
1059 914 1067 925 -

372 960 454 1038 Ergo
472 970 504 1022 ut
521 963 550 1021 in
569 980 652 1023 amne
673 962 757 1022 neias
777 979 875 1022 merso
892 970 939 1021 ter
962 963 1042 1022 crine
1065 965 1167 1042 piavit

309 1046 468 1126 Verbaque
489 1046 633 1108 sollicitas
652 1055 774 1106 matmm
796 1047 918 1108 solantia
941 1063 1026 1108 curas

259 1152 261 1156 ¹
310 1131 443 1207 Addidit,
462 1140 589 1192 armatae
608 1131 666 1193 ruit
686 1131 723 1191 ad
744 1131 866 1192 delubra
887 1131 997 1191 Dianae

311 1215 391 1277 Rore
413 1215 466 1276 sub
490 1214 573 1292 Eoo,
596 1225 740 1294 notasque
762 1217 923 1276 exordiae
944 1215 1037 1277 silvas

309 1300 347 1360 Et
369 1318 506 1378 quercum
525 1302 627 1378 gavisa
648 1300 740 1369 videt;
763 1309 832 1361 tunc
854 1300 953 1360 limine
973 1300 1059 1362 divae

311 1386 429 1445 Adstitit
448 1395 478 1446 et
499 1385 550 1446 tali
571 1387 762 1464 nequicquam
783 1401 860 1445 voce
881 1393 1031 1464 precatur:

371 1470 481 1548 ‘Virgo
504 1478 609 1549 potens
630 1485 795 1547 nemorum,
818 1471 899 1530 cuius
920 1485 978 1528 non
998 1469 1102 1533 mollia
1126 1476 1221 1554 sigua

312 1555 499 1633 Militiamque
521 1563 633 1615 tmcem
654 1572 756 1615 serrum
776 1555 922 1633 indignata
946 1553 1108 1633 frequento

312 1639 394 1700 More
417 1639 486 1700 nihil
509 1639 614 1714 Graio,
636 1657 693 1699 nec
712 1649 834 1717 tegens
856 1655 962 1718 aspera
982 1641 1038 1699 ritu
1278 1660 1323 1715 610

313 1723 432 1784 Colchis
455 1723 669 1784 Amazoniaeve
688 1727 781 1802 magis
806 1723 926 1785 coluere
949 1732 1105 1794 catervae3
1171 1775 1174 1779 .
1226 1752 1230 1761 ·

311 1811 342 1869 Si
360 1807 427 1867 mihi
446 1824 504 1876 non
526 1826 659 1887 umquam
679 1808 773 1883 thyasi
792 1808 914 1868 ludusve
935 1817 1095 1887 protervae

310 1893 430 1969 Noctis‚
453 1902 482 1951 et
503 1894 596 1953 inviso
619 1894 750 1972 quamvis
770 1901 913 1953 temerata
932 1892 1030 1969 cubili,

310 1977 376 2038 Non
397 1986 492 2038 tamen
514 1987 562 2038 aut
582 1985 693 2038 teretes
713 1977 831 2053 thyrsos
852 1986 900 2038 aut
920 1977 1017 2037 mollia
1038 1982 1125 2055 gessi

313 2063 424 2138 Pensa,
446 2063 499 2123 sed
520 2064 549 2122 in
570 2063 681 2123 tetricis
702 2071 732 2123 et
753 2071 822 2141 post
843 2061 966 2122 conubia
983 2062 1095 2138 lustris,
1278 2083 1323 2138 615

312 2149 361 2207 Sic
384 2164 501 2226 quoque
524 2148 656 2209 venauir
676 2149 857 2226 animumque
879 2148 997 2226 innupta
1015 2153 1162 2220 remansi;

311 2231 375 2292 Nec
394 2232 462 2291 mihi
482 2233 606 2293 secretis
628 2231 743 2311 culpam
765 2231 916 2292 occultare
939 2231 993 2291 suh
1012 2232 1104 2292 antris

313 2314 408 2393 Cura,
429 2318 482 2377 scd
506 2316 620 2377 ostendi
639 2327 735 2377 natum
757 2316 902 2396 posuique
924 2325 1096 2377 trementem

311 2401 388 2460 Ante
409 2411 476 2461 tuos
498 2402 634 2461 confessa
658 2402 766 2479 pedes;
789 2418 847 2460 nec
866 2401 996 2478 degener
1013 2401 1065 2461 ille

311 2488 481 2562 Sanguinis,
502 2488 589 2565 inque
607 2502 689 2545 meos
710 2486 836 2565 reptavit
853 2488 984 2564 protinus
1002 2503 1100 2562 arcus,
1278 2506 1323 2561 fito

313 2570 386 2630 Tela
406 2588 480 2649 puer
499 2570 624 2631 lacrimis
644 2578 674 2629 et
692 2572 783 2648 omma
804 2585 880 2630 voce
901 2572 1048 2651 poposcit.

310 2654 392 2714 Hunc
410 2654 476 2714 mihi
490 2687 533 2700 -
547 2654 614 2734 qnid
628 2655 761 2733 trepidae
774 2664 878 2715 noctes
896 2673 1071 2734 somnusque
1092 2657 1273 2723 minantur?
1285 2698 1322 2711 -

311 2736 411 2814 Hunc,
433 2755 558 2817 precor,
581 2739 684 2799 audaci
705 2741 753 2818 qui
774 2757 850 2800 nune
871 2740 906 2800 ad
927 2740 1040 2819 proelia
1056 2749 1130 2799 voto

311 2824 374 2884 Heu
396 2825 509 2883 nimium
532 2823 584 2884 tihi
605 2823 675 2884 disus
698 2824 775 2900 abit,
800 2825 836 2884 da
858 2825 956 2885 visere
978 2824 1049 2884 belli

310 2910 476 2986 Victorem,
497 2909 563 2986 vel,
586 2909 611 2968 si
631 2909 724 2988 ampla
746 2918 835 2988 peto,
859 2908 894 2969 da
915 2913 1013 2970 visere
1034 2917 1158 2972 tantum.
1276 2928 1323 2982 525

310 2993 365 3053 Hie
387 2995 470 3054 sudet
490 3002 597 3073 tuaque
617 2993 696 3054 arma
717 2994 806 3062 ierat;
828 3010 945 3072 preme,
966 2995 1048 3070 diva,
1072 2995 1228 3063 malorum

311 3080 414 3155 Signa;
438 3079 505 3158 quid
528 3080 557 3137 in
577 3080 701 3154 nostris,
723 3078 880 3138 nemoralis
901 3078 1003 3154 Delia,
1026 3078 1108 3138 silvis

311 3161 470 3222 Maenades
491 3163 614 3223 hostiles
634 3161 831 3242 Thebanaque
850 3164 963 3223 numina
982 3162 1128 3241 regnant?

310 3246 365 3306 Hei
387 3247 468 3308 mihi!
492 3248 697 3326 amoenitas,
720 3249 895 3326 -simque
918 3265 1011 3325 augur
1033 3265 1120 3311 cassa
1144 3253 1260 3321 futtrri!
1288 3295 1323 3307 -

312 3329 372 3391 Gur
394 3333 508 3410 penitus
528 3348 692 3411 magnoque
717 3333 895 3411 interpretor
918 3334 1012 3392 omine
1035 3339 1208 3412 quercum?
1278 3355 1323 3412 σω

312 3416 399 3491 Quod
420 3417 445 3475 si
465 3432 536 3476 vera
558 3432 650 3495 sopor
666 3418 791 3476 miserae
812 3415 966 3497 praesagia
986 3419 1081 3496 mittit,

311 3501 431 3575 Pente,
453 3510 615 3576 matcmos‚
635 3502 712 3561 mitis
733 3501 892 3579 Dictynna,
913 3500 1032 3561 labores

312 3585 540 3663 Fraternumque
561 3584 667 3661 decus,
690 3587 773 3646 iustis
794 3586 871 3646 hunc
893 3586 951 3663 lige
968 3587 1083 3663 sagittis

309 3668 459 3729 lnielicem
484 3677 610 3736 utemm;
632 3671 757 3731 miserae
774 3671 838 3731 sine
861 3670 962 3731 lunera
984 3673 1083 3731 matris

301 3754 412 3816 Audiat
431 3754 485 3818 ille
503 3754 610 3839 prior.’
652 3753 754 3835 Dixit,
775 3755 907 3836 hetnaue
926 3754 1025 3814 soluto
