<?xml version="1.0" encoding="UTF-8"?>
<!DOCTYPE html PUBLIC "-//W3C//DTD XHTML 1.0 Transitional//EN"
    "http://www.w3.org/TR/xhtml1/DTD/xhtml1-transitional.dtd">
<html xmlns="http://www.w3.org/1999/xhtml" xml:lang="en" lang="en">
 <head>
  <title>
</title>
<meta http-equiv="Content-Type" content="text/html;charset=utf-8" />
  <meta name='ocr-system' content='tesseract 3.04.00' />
  <meta name='ocr-capabilities' content='ocr_page ocr_carea ocr_par ocr_line ocrx_word'/>
</head>
<body>
  <div class='ocr_page' id='page_1' title='image "./publiuspapinius00quecgoog/publiuspapinius00quecgoog_0310.png"; bbox 0 0 3134 4434; ppageno 0'>
   <div class='ocr_carea' id='block_1_1' title="bbox 334 421 986 486">
    <p class='ocr_par' dir='ltr' id='par_1_1' title="bbox 334 421 986 486">
     <span class='ocr_line' id='line_1_1' title="bbox 334 421 986 486; baseline 0 -4"><span class='ocrx_word' id='word_1_1' title='bbox 334 421 392 486; x_wconf 84' lang='lat'>108</span> <span class='ocrx_word' id='word_1_2' title='bbox 672 432 704 482; x_wconf 83' lang='lat' dir='ltr'>r.</span> <span class='ocrx_word' id='word_1_3' title='bbox 721 431 854 482; x_wconf 79' lang='lat' dir='ltr'>narrum</span> <span class='ocrx_word' id='word_1_4' title='bbox 872 431 986 484; x_wconf 80' lang='lat' dir='ltr'>suarm</span> 
     </span>
    </p>
   </div>
   <div class='ocr_carea' id='block_1_2' title="bbox 331 585 1256 671">
    <p class='ocr_par' dir='ltr' id='par_1_2' title="bbox 331 585 1256 671">
     <span class='ocr_line' id='line_1_2' title="bbox 331 585 1256 671; baseline -0.002 -17"><span class='ocrx_word' id='word_1_5' title='bbox 331 588 484 669; x_wconf 75' lang='lat' dir='ltr'>Sanguinis</span> <span class='ocrx_word' id='word_1_6' title='bbox 504 585 596 648; x_wconf 84' lang='lat' dir='ltr'>imbre</span> <span class='ocrx_word' id='word_1_7' title='bbox 615 585 698 665; x_wconf 80' lang='lat' dir='ltr'>nori,</span> <span class='ocrx_word' id='word_1_8' title='bbox 718 595 867 668; x_wconf 87' lang='lat' dir='ltr'>totumque</span> <span class='ocrx_word' id='word_1_9' title='bbox 887 589 916 649; x_wconf 89' lang='lat' dir='ltr'>in</span> <span class='ocrx_word' id='word_1_10' title='bbox 934 590 1056 651; x_wconf 82' lang='lat' dir='ltr'>vulnere</span> <span class='ocrx_word' id='word_1_11' title='bbox 1078 607 1207 671; x_wconf 84' lang='lat' dir='ltr'>eorpus.</span> <span class='ocrx_word' id='word_1_12' title='bbox 1250 589 1256 598; x_wconf 82' lang='grc'>’</span> 
     </span>
    </p>
   </div>
   <div class='ocr_carea' id='block_1_3' title="bbox 321 671 1332 3800">
    <p class='ocr_par' dir='ltr' id='par_1_3' title="bbox 330 671 1332 1178">
     <span class='ocr_line' id='line_1_3' title="bbox 393 671 1140 755; baseline 0.003 -21"><span class='ocrx_word' id='word_1_13' title='bbox 393 675 440 735; x_wconf 80' lang='lat' dir='ltr'>Ae</span> <span class='ocrx_word' id='word_1_14' title='bbox 459 673 539 734; x_wconf 85' lang='lat' dir='ltr'>velut</span> <span class='ocrx_word' id='word_1_15' title='bbox 558 671 688 750; x_wconf 71' lang='lat' dir='ltr'>aligerae</span> <span class='ocrx_word' id='word_1_16' title='bbox 708 672 810 735; x_wconf 89' lang='lat' dir='ltr'>sedem</span> <span class='ocrx_word' id='word_1_17' title='bbox 830 672 987 754; x_wconf 88' lang='lat' dir='ltr'>loetusque</span> <span class='ocrx_word' id='word_1_18' title='bbox 1008 676 1140 755; x_wconf 89' lang='lat' dir='ltr'>parentis</span> 
     </span>
     <span class='ocr_line' id='line_1_4' title="bbox 331 755 1332 839; baseline -0.002 -19"><span class='ocrx_word' id='word_1_19' title='bbox 331 761 424 836; x_wconf 80' lang='lat' dir='ltr'>Quum</span> <span class='ocrx_word' id='word_1_20' title='bbox 443 758 527 839; x_wconf 82' lang='lat' dir='ltr'>piger</span> <span class='ocrx_word' id='word_1_21' title='bbox 545 755 681 818; x_wconf 88' lang='lat' dir='ltr'>umbrosa</span> <span class='ocrx_word' id='word_1_22' title='bbox 698 757 854 838; x_wconf 89' lang='lat' dir='ltr'>populatus</span> <span class='ocrx_word' id='word_1_23' title='bbox 876 759 906 819; x_wconf 89' lang='lat' dir='ltr'>in</span> <span class='ocrx_word' id='word_1_24' title='bbox 922 758 990 820; x_wconf 84' lang='lat' dir='ltr'>iliae</span> <span class='ocrx_word' id='word_1_25' title='bbox 1013 771 1152 839; x_wconf 56' lang='lat' dir='ltr'>serpens3</span> <span class='ocrx_word' id='word_1_26' title='bbox 1284 771 1332 827; x_wconf 77' lang='lat' dir='ltr'>ooo</span> 
     </span>
     <span class='ocr_line' id='line_1_5' title="bbox 330 840 1251 923; baseline 0.001 -17"><span class='ocrx_word' id='word_1_27' title='bbox 330 844 384 906; x_wconf 91' lang='lat' dir='ltr'>Illa</span> <span class='ocrx_word' id='word_1_28' title='bbox 405 844 496 921; x_wconf 87' lang='lat' dir='ltr'>redit,</span> <span class='ocrx_word' id='word_1_29' title='bbox 520 840 717 922; x_wconf 76' lang='lat' dir='ltr'>querulaeque</span> <span class='ocrx_word' id='word_1_30' title='bbox 739 843 842 905; x_wconf 86' lang='lat' dir='ltr'>domus</span> <span class='ocrx_word' id='word_1_31' title='bbox 862 844 963 905; x_wconf 86' lang='lat' dir='ltr'>mirata</span> <span class='ocrx_word' id='word_1_32' title='bbox 982 845 1109 923; x_wconf 85' lang='lat' dir='ltr'>quietem</span> <span class='ocrx_word' id='word_1_33' title='bbox 1178 878 1182 883; x_wconf 94' lang='lat'>·</span> <span class='ocrx_word' id='word_1_34' title='bbox 1248 878 1251 883; x_wconf 76' lang='lat'><em>,</em></span> 
     </span>
     <span class='ocr_line' id='line_1_6' title="bbox 330 924 1196 1009; baseline 0 -18"><span class='ocrx_word' id='word_1_35' title='bbox 330 932 395 991; x_wconf 89' lang='lat' dir='ltr'>Stat</span> <span class='ocrx_word' id='word_1_36' title='bbox 414 947 504 1009; x_wconf 89' lang='lat' dir='ltr'>super</span> <span class='ocrx_word' id='word_1_37' title='bbox 521 924 681 1006; x_wconf 79' lang='lat' dir='ltr'>inpendens</span> <span class='ocrx_word' id='word_1_38' title='bbox 703 926 902 1007; x_wconf 72' lang='lat' dir='ltr'>advectosque</span> <span class='ocrx_word' id='word_1_39' title='bbox 921 929 1038 990; x_wconf 88' lang='lat' dir='ltr'>horrida</span> <span class='ocrx_word' id='word_1_40' title='bbox 1055 938 1173 991; x_wconf 88' lang='lat' dir='ltr'>moesto</span> <span class='ocrx_word' id='word_1_41' title='bbox 1193 941 1196 977; x_wconf 86' lang='grc' dir='ltr'><strong><em>ῑ</em></strong></span> 
     </span>
     <span class='ocr_line' id='line_1_7' title="bbox 330 1009 1116 1091; baseline -0.003 -15"><span class='ocrx_word' id='word_1_42' title='bbox 330 1009 639 1088; x_wconf 68' lang='lat' dir='ltr'>sternumentum,</span> <span class='ocrx_word' id='word_1_43' title='bbox 661 1029 746 1091; x_wconf 89' lang='lat' dir='ltr'>quum</span> <span class='ocrx_word' id='word_1_44' title='bbox 768 1011 849 1073; x_wconf 90' lang='lat' dir='ltr'>solus</span> <span class='ocrx_word' id='word_1_45' title='bbox 870 1013 900 1072; x_wconf 90' lang='lat' dir='ltr'>in</span> <span class='ocrx_word' id='word_1_46' title='bbox 920 1013 1025 1074; x_wconf 90' lang='lat' dir='ltr'>arbore</span> <span class='ocrx_word' id='word_1_47' title='bbox 1048 1031 1116 1075; x_wconf 81' lang='lat' dir='ltr'>eata</span> 
     </span>
     <span class='ocr_line' id='line_1_8' title="bbox 331 1096 1111 1178; baseline -0.008 -16"><span class='ocrx_word' id='word_1_48' title='bbox 331 1099 454 1178; x_wconf 79' lang='lat' dir='ltr'>Sanguis</span> <span class='ocrx_word' id='word_1_49' title='bbox 476 1105 507 1158; x_wconf 90' lang='lat' dir='ltr'>et</span> <span class='ocrx_word' id='word_1_50' title='bbox 527 1103 658 1156; x_wconf 89' lang='lat' dir='ltr'>errantes</span> <span class='ocrx_word' id='word_1_51' title='bbox 678 1113 733 1176; x_wconf 90' lang='lat' dir='ltr'>per</span> <span class='ocrx_word' id='word_1_52' title='bbox 754 1105 840 1174; x_wconf 87' lang='lat' dir='ltr'>eapta</span> <span class='ocrx_word' id='word_1_53' title='bbox 861 1096 966 1160; x_wconf 83' lang='lat' dir='ltr'>cubilia</span> <span class='ocrx_word' id='word_1_54' title='bbox 987 1098 1111 1177; x_wconf 87' lang='lat' dir='ltr'>plumae.</span> 
     </span>
    </p>

    <p class='ocr_par' dir='ltr' id='par_1_4' title="bbox 329 1180 1331 1430">
     <span class='ocr_line' id='line_1_9' title="bbox 395 1180 1331 1263; baseline -0.002 -19"><span class='ocrx_word' id='word_1_55' title='bbox 395 1183 433 1244; x_wconf 90' lang='lat' dir='ltr'>llt</span> <span class='ocrx_word' id='word_1_56' title='bbox 454 1181 571 1243; x_wconf 84' lang='lat' dir='ltr'>laceros</span> <span class='ocrx_word' id='word_1_57' title='bbox 592 1189 672 1241; x_wconf 89' lang='lat' dir='ltr'>artus</span> <span class='ocrx_word' id='word_1_58' title='bbox 690 1180 803 1258; x_wconf 77' lang='lat' dir='ltr'>gremio</span> <span class='ocrx_word' id='word_1_59' title='bbox 826 1182 988 1244; x_wconf 87' lang='lat' dir='ltr'>miseranda</span> <span class='ocrx_word' id='word_1_60' title='bbox 1008 1182 1125 1263; x_wconf 77' lang='lat' dir='ltr'>recepit</span> <span class='ocrx_word' id='word_1_61' title='bbox 1282 1193 1331 1250; x_wconf 78' lang='lat'>605</span> 
     </span>
     <span class='ocr_line' id='line_1_10' title="bbox 329 1264 993 1347; baseline -0.003 -17"><span class='ocrx_word' id='word_1_62' title='bbox 329 1268 492 1347; x_wconf 84' lang='lat' dir='ltr'>intexitque</span> <span class='ocrx_word' id='word_1_63' title='bbox 514 1264 620 1343; x_wconf 84' lang='lat' dir='ltr'>comis,</span> <span class='ocrx_word' id='word_1_64' title='bbox 640 1264 755 1327; x_wconf 85' lang='lat' dir='ltr'>tandem</span> <span class='ocrx_word' id='word_1_65' title='bbox 773 1265 870 1328; x_wconf 80' lang='lat' dir='ltr'>laxata</span> <span class='ocrx_word' id='word_1_66' title='bbox 889 1267 993 1328; x_wconf 90' lang='lat' dir='ltr'>dolore</span> 
     </span>
     <span class='ocr_line' id='line_1_11' title="bbox 329 1349 1106 1430; baseline -0.005 -16"><span class='ocrx_word' id='word_1_67' title='bbox 329 1353 398 1414; x_wconf 85' lang='lat' dir='ltr'>Vox</span> <span class='ocrx_word' id='word_1_68' title='bbox 418 1351 526 1412; x_wconf 82' lang='lat' dir='ltr'>invenit</span> <span class='ocrx_word' id='word_1_69' title='bbox 547 1350 826 1430; x_wconf 58' lang='lat' dir='ltr'>item-gemitusque</span> <span class='ocrx_word' id='word_1_70' title='bbox 846 1351 874 1412; x_wconf 88' lang='lat' dir='ltr'>iu</span> <span class='ocrx_word' id='word_1_71' title='bbox 892 1351 982 1413; x_wconf 83' lang='lat' dir='ltr'>verba</span> <span class='ocrx_word' id='word_1_72' title='bbox 1004 1349 1106 1412; x_wconf 91' lang='lat' dir='ltr'>soluti:</span> 
     </span>
    </p>

    <p class='ocr_par' dir='ltr' id='par_1_5' title="bbox 325 1433 1329 3460">
     <span class='ocr_line' id='line_1_12' title="bbox 391 1433 1062 1515; baseline -0.001 -19"><span class='ocrx_word' id='word_1_73' title='bbox 391 1434 435 1496; x_wconf 65' lang='lat'>³0</span> <span class='ocrx_word' id='word_1_74' title='bbox 453 1434 522 1497; x_wconf 83' lang='lat' dir='ltr'>milri</span> <span class='ocrx_word' id='word_1_75' title='bbox 539 1433 675 1496; x_wconf 87' lang='lat' dir='ltr'>desertae</span> <span class='ocrx_word' id='word_1_76' title='bbox 693 1443 825 1496; x_wconf 90' lang='lat' dir='ltr'>natorum</span> <span class='ocrx_word' id='word_1_77' title='bbox 843 1435 935 1497; x_wconf 87' lang='lat' dir='ltr'>duleis</span> <span class='ocrx_word' id='word_1_78' title='bbox 955 1438 1062 1515; x_wconf 77' lang='lat' dir='ltr'>imago,</span> 
     </span>
     <span class='ocr_line' id='line_1_13' title="bbox 331 1518 1203 1603; baseline -0.002 -19"><span class='ocrx_word' id='word_1_79' title='bbox 331 1522 527 1598; x_wconf 76' lang='lat' dir='ltr'>Archemoro,</span> <span class='ocrx_word' id='word_1_80' title='bbox 550 1536 568 1579; x_wconf 94' lang='lat' dir='ltr'>o</span> <span class='ocrx_word' id='word_1_81' title='bbox 590 1537 687 1580; x_wconf 81' lang='lat' dir='ltr'>rernm</span> <span class='ocrx_word' id='word_1_82' title='bbox 708 1528 738 1580; x_wconf 90' lang='lat' dir='ltr'>et</span> <span class='ocrx_word' id='word_1_83' title='bbox 759 1520 870 1599; x_wconf 76' lang='lat' dir='ltr'>patriae</span> <span class='ocrx_word' id='word_1_84' title='bbox 891 1520 1023 1581; x_wconf 89' lang='lat' dir='ltr'>solamen</span> <span class='ocrx_word' id='word_1_85' title='bbox 1044 1518 1203 1603; x_wconf 83' lang='lat' dir='ltr'>ademptae</span> 
     </span>
     <span class='ocr_line' id='line_1_14' title="bbox 331 1597 1329 1686; baseline -0.005 -17"><span class='ocrx_word' id='word_1_86' title='bbox 331 1597 508 1686; x_wconf 68' lang='lat' dir='ltr'>servitiique</span> <span class='ocrx_word' id='word_1_87' title='bbox 527 1603 635 1681; x_wconf 81' lang='lat' dir='ltr'>decus,</span> <span class='ocrx_word' id='word_1_88' title='bbox 658 1605 706 1684; x_wconf 89' lang='lat' dir='ltr'>qui</span> <span class='ocrx_word' id='word_1_89' title='bbox 728 1612 773 1680; x_wconf 87' lang='lat' dir='ltr'>te,</span> <span class='ocrx_word' id='word_1_90' title='bbox 794 1621 860 1665; x_wconf 88' lang='lat' dir='ltr'>mea</span> <span class='ocrx_word' id='word_1_91' title='bbox 881 1606 1010 1682; x_wconf 66' lang='lat' dir='ltr'>gaudia,</span> <span class='ocrx_word' id='word_1_92' title='bbox 1023 1612 1123 1665; x_wconf 91' lang='lat' dir='ltr'>sontes</span> <span class='ocrx_word' id='word_1_93' title='bbox 1278 1615 1329 1672; x_wconf 77' lang='lat' dir='ltr'>oto</span> 
     </span>
     <span class='ocr_line' id='line_1_15' title="bbox 329 1687 1073 1770; baseline -0.005 -17"><span class='ocrx_word' id='word_1_94' title='bbox 329 1691 490 1753; x_wconf 86' lang='lat' dir='ltr'>Extinxere</span> <span class='ocrx_word' id='word_1_95' title='bbox 512 1688 576 1765; x_wconf 74' lang='lat' dir='ltr'>dei,</span> <span class='ocrx_word' id='word_1_96' title='bbox 598 1689 685 1749; x_wconf 92' lang='lat' dir='ltr'>modo</span> <span class='ocrx_word' id='word_1_97' title='bbox 707 1705 792 1768; x_wconf 93' lang='lat' dir='ltr'>quem</span> <span class='ocrx_word' id='word_1_98' title='bbox 813 1687 946 1766; x_wconf 78' lang='lat' dir='ltr'>digressa</span> <span class='ocrx_word' id='word_1_99' title='bbox 967 1690 1073 1770; x_wconf 83' lang='lat' dir='ltr'>reliqui</span> 
     </span>
     <span class='ocr_line' id='line_1_16' title="bbox 329 1772 1086 1855; baseline -0.003 -18"><span class='ocrx_word' id='word_1_100' title='bbox 329 1776 480 1837; x_wconf 80' lang='lat' dir='ltr'>Lascivum</span> <span class='ocrx_word' id='word_1_101' title='bbox 499 1783 528 1835; x_wconf 92' lang='lat' dir='ltr'>et</span> <span class='ocrx_word' id='word_1_102' title='bbox 546 1790 639 1854; x_wconf 90' lang='lat' dir='ltr'>prono</span> <span class='ocrx_word' id='word_1_103' title='bbox 658 1781 814 1833; x_wconf 81' lang='lat' dir='ltr'>vexantem</span> <span class='ocrx_word' id='word_1_104' title='bbox 831 1776 958 1851; x_wconf 81' lang='lat' dir='ltr'>gramina</span> <span class='ocrx_word' id='word_1_105' title='bbox 979 1772 1086 1855; x_wconf 83' lang='lat' dir='ltr'>eursu&#39;l</span> 
     </span>
     <span class='ocr_line' id='line_1_17' title="bbox 329 1853 1027 1937; baseline -0.004 -15"><span class='ocrx_word' id='word_1_106' title='bbox 329 1860 394 1922; x_wconf 81' lang='lat' dir='ltr'>lieu</span> <span class='ocrx_word' id='word_1_107' title='bbox 415 1858 464 1919; x_wconf 94' lang='lat' dir='ltr'>ubi</span> <span class='ocrx_word' id='word_1_108' title='bbox 485 1858 594 1920; x_wconf 86' lang='lat' dir='ltr'>siderei</span> <span class='ocrx_word' id='word_1_109' title='bbox 613 1853 733 1918; x_wconf 76' lang='lat' dir='ltr'>uultus?</span> <span class='ocrx_word' id='word_1_110' title='bbox 754 1856 804 1918; x_wconf 91' lang='lat' dir='ltr'>ubi</span> <span class='ocrx_word' id='word_1_111' title='bbox 822 1858 913 1920; x_wconf 89' lang='lat' dir='ltr'>verba</span> <span class='ocrx_word' id='word_1_112' title='bbox 931 1859 1027 1937; x_wconf 75' lang='lat' dir='ltr'>ligatis</span> 
     </span>
     <span class='ocr_line' id='line_1_18' title="bbox 331 1942 1064 2024; baseline -0.004 -18"><span class='ocrx_word' id='word_1_113' title='bbox 331 1943 497 2024; x_wconf 84' lang='lat' dir='ltr'>Inperleota</span> <span class='ocrx_word' id='word_1_114' title='bbox 514 1942 611 2020; x_wconf 86' lang='lat' dir='ltr'>sonis,</span> <span class='ocrx_word' id='word_1_115' title='bbox 631 1942 766 2022; x_wconf 88' lang='lat' dir='ltr'>risusque</span> <span class='ocrx_word' id='word_1_116' title='bbox 792 1951 822 2002; x_wconf 87' lang='lat' dir='ltr'>et</span> <span class='ocrx_word' id='word_1_117' title='bbox 842 1960 984 2005; x_wconf 85' lang='lat' dir='ltr'>murmura</span> <span class='ocrx_word' id='word_1_118' title='bbox 1006 1943 1064 2021; x_wconf 80' lang='lat' dir='ltr'>soli</span> 
     </span>
     <span class='ocr_line' id='line_1_19' title="bbox 330 2023 1327 2178; baseline -0.002 -88"><span class='ocrx_word' id='word_1_119' title='bbox 330 2028 483 2090; x_wconf 82' lang='lat' dir='ltr'>Intellecta</span> <span class='ocrx_word' id='word_1_120' title='bbox 502 2023 591 2088; x_wconf 83' lang='lat' dir='ltr'>mihil</span> <span class='ocrx_word' id='word_1_121' title='bbox 614 2027 747 2107; x_wconf 91' lang='lat' dir='ltr'>quotiens</span> <span class='ocrx_word' id='word_1_122' title='bbox 767 2025 964 2089; x_wconf 86' lang='lat' dir='ltr'>tibi-Lemnon</span> <span class='ocrx_word' id='word_1_123' title='bbox 982 2037 1019 2089; x_wconf 89' lang='lat' dir='ltr'>et·</span> <span class='ocrx_word' id='word_1_124' title='bbox 1033 2026 1115 2107; x_wconf 77' lang='lat' dir='ltr'>Argo</span> <span class='ocrx_word' id='word_1_125' title='bbox 1146 2036 1160 2178; x_wconf 53' lang='grc' dir='ltr'><em>Ι</em></span> <span class='ocrx_word' id='word_1_126' title='bbox 1194 2041 1206 2174; x_wconf 73' lang='lat' dir='ltr'>p</span> <span class='ocrx_word' id='word_1_127' title='bbox 1277 2038 1327 2095; x_wconf 81' lang='lat'>615</span> 
     </span>
     <span class='ocr_line' id='line_1_20' title="bbox 325 2044 1180 2192; baseline -0.001 -16"><span class='ocrx_word' id='word_1_128' title='bbox 325 2117 419 2177; x_wconf 87' lang='lat' dir='ltr'>-Sueta</span> <span class='ocrx_word' id='word_1_129' title='bbox 442 2113 522 2192; x_wconf 90' lang='lat' dir='ltr'>loqui</span> <span class='ocrx_word' id='word_1_130' title='bbox 543 2120 573 2173; x_wconf 90' lang='lat' dir='ltr'>et</span> <span class='ocrx_word' id='word_1_131' title='bbox 592 2112 681 2190; x_wconf 75' lang='lat' dir='ltr'>longa</span> <span class='ocrx_word' id='word_1_132' title='bbox 696 2129 828 2173; x_wconf 89' lang='lat' dir='ltr'>somnum</span> <span class='ocrx_word' id='word_1_133' title='bbox 849 2111 973 2174; x_wconf 86' lang='lat' dir='ltr'>suadere</span> <span class='ocrx_word' id='word_1_134' title='bbox 995 2110 1136 2192; x_wconf 77' lang='lat' dir='ltr'>querela?</span> <span class='ocrx_word' id='word_1_135' title='bbox 1164 2044 1180 2188; x_wconf 58' lang='lat' dir='ltr'>l</span> 
     </span>
     <span class='ocr_line' id='line_1_21' title="bbox 329 2195 1059 2278; baseline -0.004 -17"><span class='ocrx_word' id='word_1_136' title='bbox 329 2201 380 2261; x_wconf 82' lang='lat' dir='ltr'>Sic</span> <span class='ocrx_word' id='word_1_137' title='bbox 400 2198 533 2278; x_wconf 87' lang='lat' dir='ltr'>equidem</span> <span class='ocrx_word' id='word_1_138' title='bbox 553 2197 655 2259; x_wconf 82' lang='lat' dir='ltr'>luetus·</span> <span class='ocrx_word' id='word_1_139' title='bbox 669 2195 789 2259; x_wconf 89' lang='lat' dir='ltr'>solabar</span> <span class='ocrx_word' id='word_1_140' title='bbox 808 2205 838 2258; x_wconf 83' lang='lat' dir='ltr'>et</span> <span class='ocrx_word' id='word_1_141' title='bbox 859 2196 949 2258; x_wconf 89' lang='lat' dir='ltr'>ubera</span> <span class='ocrx_word' id='word_1_142' title='bbox 967 2215 1059 2276; x_wconf 88' lang='lat' dir='ltr'>parvo</span> 
     </span>
     <span class='ocr_line' id='line_1_22' title="bbox 330 2281 1239 2360; baseline 0.001 -16"><span class='ocrx_word' id='word_1_143' title='bbox 330 2283 390 2345; x_wconf 87' lang='lat' dir='ltr'>lam</span> <span class='ocrx_word' id='word_1_144' title='bbox 411 2292 539 2344; x_wconf 90' lang='lat' dir='ltr'>materna</span> <span class='ocrx_word' id='word_1_145' title='bbox 559 2281 676 2360; x_wconf 87' lang='lat' dir='ltr'>dabam&#39;,</span> <span class='ocrx_word' id='word_1_146' title='bbox 697 2281 745 2342; x_wconf 87' lang='lat' dir='ltr'>oni</span> <span class='ocrx_word' id='word_1_147' title='bbox 764 2300 840 2342; x_wconf 87' lang='lat' dir='ltr'>nuno</span> <span class='ocrx_word' id='word_1_148' title='bbox 861 2281 940 2342; x_wconf 83' lang='lat' dir='ltr'>venit</span> <span class='ocrx_word' id='word_1_149' title='bbox 960 2283 1056 2343; x_wconf 86' lang='lat' dir='ltr'>irritus</span> <span class='ocrx_word' id='word_1_150' title='bbox 1078 2282 1123 2343; x_wconf 88' lang='lat' dir='ltr'>ori</span> <span class='ocrx_word' id='word_1_151' title='bbox 1236 2340 1239 2345; x_wconf 92' lang='lat'>.</span> 
     </span>
     <span class='ocr_line' id='line_1_23' title="bbox 329 2363 1072 2444; baseline -0.003 -16"><span class='ocrx_word' id='word_1_152' title='bbox 329 2367 442 2444; x_wconf 83' lang='lat' dir='ltr'>Laetis,</span> <span class='ocrx_word' id='word_1_153' title='bbox 465 2375 494 2427; x_wconf 92' lang='lat' dir='ltr'>et</span> <span class='ocrx_word' id='word_1_154' title='bbox 515 2366 618 2427; x_wconf 76' lang='lat' dir='ltr'>infelix</span> <span class='ocrx_word' id='word_1_155' title='bbox 637 2367 666 2427; x_wconf 94' lang='lat' dir='ltr'>in</span> <span class='ocrx_word' id='word_1_156' title='bbox 686 2363 808 2427; x_wconf 81' lang='lat' dir='ltr'>uulnera</span> <span class='ocrx_word' id='word_1_157' title='bbox 832 2365 950 2444; x_wconf 86' lang='lat' dir='ltr'>liquitur</span> <span class='ocrx_word' id='word_1_158' title='bbox 970 2367 1072 2428; x_wconf 88' lang='lat' dir='ltr'>imber.</span> 
     </span>
     <span class='ocr_line' id='line_1_24' title="bbox 328 2449 1324 2530; baseline 0.003 -18"><span class='ocrx_word' id='word_1_159' title='bbox 328 2451 428 2512; x_wconf 89' lang='lat' dir='ltr'>Nosoo</span> <span class='ocrx_word' id='word_1_160' title='bbox 446 2450 534 2512; x_wconf 88' lang='lat' dir='ltr'>deos:</span> <span class='ocrx_word' id='word_1_161' title='bbox 553 2467 571 2510; x_wconf 93' lang='lat' dir='ltr'>o</span> <span class='ocrx_word' id='word_1_162' title='bbox 591 2449 663 2511; x_wconf 90' lang='lat' dir='ltr'>dura</span> <span class='ocrx_word' id='word_1_163' title='bbox 681 2450 746 2510; x_wconf 86' lang='lat' dir='ltr'>mei·</span> <span class='ocrx_word' id='word_1_164' title='bbox 760 2450 914 2530; x_wconf 74' lang='lat' dir='ltr'>praesagia</span> <span class='ocrx_word' id='word_1_165' title='bbox 935 2452 1028 2513; x_wconf 87' lang='lat' dir='ltr'>somni</span> <span class='ocrx_word' id='word_1_166' title='bbox 1274 2461 1324 2517; x_wconf 73' lang='lat'>620</span> 
     </span>
     <span class='ocr_line' id='line_1_25' title="bbox 328 2533 1220 2616; baseline 0.001 -20"><span class='ocrx_word' id='word_1_167' title='bbox 328 2534 528 2614; x_wconf 77' lang='lat' dir='ltr'>Nocturnique</span> <span class='ocrx_word' id='word_1_168' title='bbox 545 2543 658 2611; x_wconf 83' lang='lat' dir='ltr'>metus,</span> <span class='ocrx_word' id='word_1_169' title='bbox 681 2543 710 2595; x_wconf 87' lang='lat' dir='ltr'>et</span> <span class='ocrx_word' id='word_1_170' title='bbox 730 2551 882 2615; x_wconf 72' lang='lat' dir='ltr'>numquam</span> <span class='ocrx_word' id='word_1_171' title='bbox 903 2535 1011 2614; x_wconf 86' lang='lat' dir='ltr'>inpune</span> <span class='ocrx_word' id='word_1_172' title='bbox 1031 2553 1085 2616; x_wconf 89' lang='lat' dir='ltr'>per</span> <span class='ocrx_word' id='word_1_173' title='bbox 1102 2533 1220 2599; x_wconf 87' lang='lat' dir='ltr'>umbros</span> 
     </span>
     <span class='ocr_line' id='line_1_26' title="bbox 329 2616 1144 2697; baseline 0.001 -17"><span class='ocrx_word' id='word_1_174' title='bbox 329 2620 476 2680; x_wconf 80' lang='lat' dir='ltr'>Attonitae</span> <span class='ocrx_word' id='word_1_175' title='bbox 493 2618 561 2679; x_wconf 88' lang='lat' dir='ltr'>milri</span> <span class='ocrx_word' id='word_1_176' title='bbox 582 2619 646 2679; x_wconf 81' lang='lat' dir='ltr'>risa</span> <span class='ocrx_word' id='word_1_177' title='bbox 665 2616 788 2679; x_wconf 87' lang='lat' dir='ltr'>Venusl&#39;</span> <span class='ocrx_word' id='word_1_178' title='bbox 800 2634 874 2697; x_wconf 91' lang='lat' dir='ltr'>quos</span> <span class='ocrx_word' id='word_1_179' title='bbox 895 2632 987 2697; x_wconf 79' lang='lat' dir='ltr'>arguo</span> <span class='ocrx_word' id='word_1_180' title='bbox 1009 2617 1113 2682; x_wconf 77' lang='lat' dir='ltr'>diuos?</span> <span class='ocrx_word' id='word_1_181' title='bbox 1142 2676 1144 2681; x_wconf 88' lang='lat'><em>.</em></span> 
     </span>
     <span class='ocr_line' id='line_1_27' title="bbox 329 2701 1265 2784; baseline -0.001 -19"><span class='ocrx_word' id='word_1_182' title='bbox 329 2703 397 2784; x_wconf 93' lang='lat' dir='ltr'>lpse</span> <span class='ocrx_word' id='word_1_183' title='bbox 421 2721 478 2781; x_wconf 81' lang='lat' dir='ltr'>ego</span> <span class='ocrx_word' id='word_1_184' title='bbox 501 2710 531 2762; x_wconf 92' lang='lat' dir='ltr'>te</span> <span class='ocrx_word' id='word_1_185' title='bbox 553 2735 595 2751; x_wconf 40' lang='grc' dir='ltr'>-η</span> <span class='ocrx_word' id='word_1_186' title='bbox 615 2702 684 2782; x_wconf 86' lang='lat' dir='ltr'>quid</span> <span class='ocrx_word' id='word_1_187' title='bbox 700 2702 778 2764; x_wconf 81' lang='lat' dir='ltr'>enim</span> <span class='ocrx_word' id='word_1_188' title='bbox 799 2703 915 2764; x_wconf 85' lang='lat' dir='ltr'>timeam</span> <span class='ocrx_word' id='word_1_189' title='bbox 934 2707 1071 2767; x_wconf 88' lang='lat' dir='ltr'>moritura</span> <span class='ocrx_word' id='word_1_190' title='bbox 1088 2701 1201 2766; x_wconf 80' lang='lat' dir='ltr'>fateri?</span> <span class='ocrx_word' id='word_1_191' title='bbox 1220 2738 1265 2753; x_wconf 44' lang='grc' dir='ltr'>-η</span> 
     </span>
     <span class='ocr_line' id='line_1_28' title="bbox 327 2785 1080 2868; baseline 0 -18"><span class='ocrx_word' id='word_1_192' title='bbox 327 2787 460 2868; x_wconf 79' lang='lat' dir='ltr'>Exposui</span> <span class='ocrx_word' id='word_1_193' title='bbox 477 2787 554 2850; x_wconf 79' lang='lat' dir='ltr'>latis.¹</span> <span class='ocrx_word' id='word_1_194' title='bbox 596 2787 678 2862; x_wconf 83' lang='lat' dir='ltr'>Quae</span> <span class='ocrx_word' id='word_1_195' title='bbox 696 2795 824 2848; x_wconf 88' lang='lat' dir='ltr'>mentem</span> <span class='ocrx_word' id='word_1_196' title='bbox 838 2787 950 2849; x_wconf 90' lang='lat' dir='ltr'>insania</span> <span class='ocrx_word' id='word_1_197' title='bbox 970 2785 1080 2851; x_wconf 81' lang='lat' dir='ltr'>traxiti</span> 
     </span>
     <span class='ocr_line' id='line_1_29' title="bbox 329 2870 1321 2939; baseline 0.005 -5"><span class='ocrx_word' id='word_1_198' title='bbox 329 2873 457 2936; x_wconf 81' lang='lat' dir='ltr'>&#39;lantone</span> <span class='ocrx_word' id='word_1_199' title='bbox 475 2891 522 2934; x_wconf 90' lang='lat' dir='ltr'>me</span> <span class='ocrx_word' id='word_1_200' title='bbox 540 2882 635 2934; x_wconf 90' lang='lat' dir='ltr'>tantae</span> <span class='ocrx_word' id='word_1_201' title='bbox 654 2880 775 2934; x_wconf 89' lang='lat' dir='ltr'>tenuere</span> <span class='ocrx_word' id='word_1_202' title='bbox 797 2872 906 2934; x_wconf 79' lang='lat' dir='ltr'>oblivia</span> <span class='ocrx_word' id='word_1_203' title='bbox 928 2870 1037 2935; x_wconf 81' lang='lat' dir='ltr'>eurael</span> <span class='ocrx_word' id='word_1_204' title='bbox 1275 2881 1321 2939; x_wconf 79' lang='lat' dir='ltr'>ott</span> 
     </span>
     <span class='ocr_line' id='line_1_30' title="bbox 327 2956 1252 3038; baseline 0 -19"><span class='ocrx_word' id='word_1_205' title='bbox 327 2958 403 3019; x_wconf 90' lang='lat' dir='ltr'>Dum</span> <span class='ocrx_word' id='word_1_206' title='bbox 423 2959 533 3038; x_wconf 89' lang='lat' dir='ltr'>patrios</span> <span class='ocrx_word' id='word_1_207' title='bbox 555 2975 640 3019; x_wconf 88' lang='lat' dir='ltr'>easus</span> <span class='ocrx_word' id='word_1_208' title='bbox 661 2956 814 3038; x_wconf 79' lang='lat' dir='ltr'>iamneque</span> <span class='ocrx_word' id='word_1_209' title='bbox 837 2975 943 3019; x_wconf 88' lang='lat' dir='ltr'>exorsa</span> <span class='ocrx_word' id='word_1_210' title='bbox 964 2967 1092 3020; x_wconf 79' lang='lat' dir='ltr'>retracto</span> <span class='ocrx_word' id='word_1_211' title='bbox 1179 3018 1182 3023; x_wconf 84' lang='grc'><em>,</em></span> <span class='ocrx_word' id='word_1_212' title='bbox 1220 3017 1222 3021; x_wconf 86' lang='grc'>,</span> <span class='ocrx_word' id='word_1_213' title='bbox 1249 2984 1252 2989; x_wconf 93' lang='grc'>·</span> 
     </span>
     <span class='ocr_line' id='line_1_31' title="bbox 326 3042 1149 3122; baseline 0.001 -20"><span class='ocrx_word' id='word_1_214' title='bbox 326 3042 488 3104; x_wconf 78' lang='lat' dir='ltr'>Ambitiosa</span> <span class='ocrx_word' id='word_1_215' title='bbox 509 3060 610 3119; x_wconf 88' lang='lat' dir='ltr'>meae,</span> <span class='ocrx_word' id='word_1_216' title='bbox 632 3042 727 3122; x_wconf 87' lang='lat' dir='ltr'>pietas</span> <span class='ocrx_word' id='word_1_217' title='bbox 747 3042 822 3119; x_wconf 87' lang='lat' dir='ltr'>lraee</span> <span class='ocrx_word' id='word_1_218' title='bbox 842 3052 962 3120; x_wconf 76' lang='lat' dir='ltr'>magna,</span> <span class='ocrx_word' id='word_1_219' title='bbox 985 3042 1149 3122; x_wconf 81' lang='lat' dir='ltr'>lidesqoel:</span> 
     </span>
     <span class='ocr_line' id='line_1_32' title="bbox 326 3125 1131 3206; baseline 0 -19"><span class='ocrx_word' id='word_1_220' title='bbox 326 3125 449 3187; x_wconf 84' lang='lat' dir='ltr'>Exsolvi</span> <span class='ocrx_word' id='word_1_221' title='bbox 458 3127 537 3203; x_wconf 89' lang='lat' dir='ltr'>·tibi‚</span> <span class='ocrx_word' id='word_1_222' title='bbox 559 3126 685 3203; x_wconf 82' lang='lat' dir='ltr'>bomne,</span> <span class='ocrx_word' id='word_1_223' title='bbox 707 3126 807 3196; x_wconf 73' lang='lat' dir='ltr'>nefas:</span> <span class='ocrx_word' id='word_1_224' title='bbox 830 3126 879 3188; x_wconf 92' lang='lat' dir='ltr'>ubi</span> <span class='ocrx_word' id='word_1_225' title='bbox 900 3127 998 3188; x_wconf 88' lang='lat' dir='ltr'>letiier</span> <span class='ocrx_word' id='word_1_226' title='bbox 1019 3129 1131 3206; x_wconf 81' lang='lat' dir='ltr'>anguis,</span> 
     </span>
     <span class='ocr_line' id='line_1_33' title="bbox 328 3210 1281 3292; baseline -0.006 -20"><span class='ocrx_word' id='word_1_227' title='bbox 328 3210 433 3288; x_wconf 82' lang='lat' dir='ltr'>Ferte,</span> <span class='ocrx_word' id='word_1_228' title='bbox 456 3210 562 3288; x_wconf 75' lang='lat' dir='ltr'>doses,</span> <span class='ocrx_word' id='word_1_229' title='bbox 581 3211 677 3271; x_wconf 89' lang='lat' dir='ltr'>meriti</span> <span class='ocrx_word' id='word_1_230' title='bbox 698 3211 723 3271; x_wconf 92' lang='lat' dir='ltr'>si</span> <span class='ocrx_word' id='word_1_231' title='bbox 742 3229 800 3292; x_wconf 89' lang='lat' dir='ltr'>qua</span> <span class='ocrx_word' id='word_1_232' title='bbox 821 3220 867 3274; x_wconf 91' lang='lat' dir='ltr'>est</span> <span class='ocrx_word' id='word_1_233' title='bbox 887 3212 956 3273; x_wconf 87' lang='lat' dir='ltr'>mibi</span> <span class='ocrx_word' id='word_1_234' title='bbox 975 3215 1066 3290; x_wconf 76' lang='lat' dir='ltr'>gratia</span> <span class='ocrx_word' id='word_1_235' title='bbox 1088 3211 1161 3288; x_wconf 88' lang='lat' dir='ltr'>duri,</span> <span class='ocrx_word' id='word_1_236' title='bbox 1277 3260 1281 3266; x_wconf 87' lang='lat'><strong>.</strong></span> 
     </span>
     <span class='ocr_line' id='line_1_34' title="bbox 327 3294 1320 3375; baseline 0.009 -19"><span class='ocrx_word' id='word_1_237' title='bbox 327 3296 359 3356; x_wconf 87' lang='lat' dir='ltr'>st</span> <span class='ocrx_word' id='word_1_238' title='bbox 382 3297 445 3374; x_wconf 92' lang='lat' dir='ltr'>quis</span> <span class='ocrx_word' id='word_1_239' title='bbox 463 3295 557 3356; x_wconf 87' lang='lat' dir='ltr'>bonos</span> <span class='ocrx_word' id='word_1_240' title='bbox 577 3294 677 3372; x_wconf 76' lang='lat' dir='ltr'>dietis,</span> <span class='ocrx_word' id='word_1_241' title='bbox 701 3304 750 3358; x_wconf 89' lang='lat' dir='ltr'>aut</span> <span class='ocrx_word' id='word_1_242' title='bbox 767 3314 822 3357; x_wconf 79' lang='lat' dir='ltr'>vos</span> <span class='ocrx_word' id='word_1_243' title='bbox 845 3296 1002 3375; x_wconf 77' lang='lat' dir='ltr'>extinguite</span> <span class='ocrx_word' id='word_1_244' title='bbox 1021 3296 1113 3374; x_wconf 85' lang='lat' dir='ltr'>ferro,</span> <span class='ocrx_word' id='word_1_245' title='bbox 1272 3305 1320 3365; x_wconf 77' lang='lat'>6³0</span> 
     </span>
     <span class='ocr_line' id='line_1_35' title="bbox 326 3379 1106 3460; baseline 0.005 -20"><span class='ocrx_word' id='word_1_246' title='bbox 326 3379 372 3440; x_wconf 82' lang='lat' dir='ltr'>lle</span> <span class='ocrx_word' id='word_1_247' title='bbox 392 3381 490 3441; x_wconf 86' lang='lat' dir='ltr'>tristes</span> <span class='ocrx_word' id='word_1_248' title='bbox 513 3379 645 3441; x_wconf 89' lang='lat' dir='ltr'>dominos</span> <span class='ocrx_word' id='word_1_249' title='bbox 667 3379 825 3460; x_wconf 87' lang='lat' dir='ltr'>orbamque</span> <span class='ocrx_word' id='word_1_250' title='bbox 847 3381 960 3443; x_wconf 79' lang='lat' dir='ltr'>immioa</span> <span class='ocrx_word' id='word_1_251' title='bbox 981 3384 1106 3444; x_wconf 86' lang='lat' dir='ltr'>revisam</span> 
     </span>
    </p>

    <p class='ocr_par' dir='ltr' id='par_1_6' title="bbox 355 3463 1261 3545">
     <span class='ocr_line' id='line_1_36' title="bbox 355 3463 1261 3545; baseline 0.004 -20"><span class='ocrx_word' id='word_1_252' title='bbox 355 3463 510 3542; x_wconf 80' lang='lat' dir='ltr'>urydioen‚</span> <span class='ocrx_word' id='word_1_253' title='bbox 534 3482 707 3545; x_wconf 90' lang='lat' dir='ltr'>quamquam·</span> <span class='ocrx_word' id='word_1_254' title='bbox 722 3464 804 3527; x_wconf 77' lang='lat' dir='ltr'>baud</span> <span class='ocrx_word' id='word_1_255' title='bbox 818 3465 945 3526; x_wconf 85' lang='lat' dir='ltr'>illimea</span> <span class='ocrx_word' id='word_1_256' title='bbox 967 3485 1036 3528; x_wconf 84' lang='lat' dir='ltr'>eura</span> <span class='ocrx_word' id='word_1_257' title='bbox 1056 3467 1183 3529; x_wconf 89' lang='lat' dir='ltr'>dolendo</span> <span class='ocrx_word' id='word_1_258' title='bbox 1258 3522 1261 3529; x_wconf 94' lang='lat'><em>.</em></span> 
     </span>
    </p>

    <p class='ocr_par' dir='ltr' id='par_1_7' title="bbox 321 3548 1319 3800">
     <span class='ocr_line' id='line_1_37' title="bbox 327 3548 1133 3613; baseline 0.004 -4"><span class='ocrx_word' id='word_1_259' title='bbox 327 3548 469 3610; x_wconf 82' lang='lat' dir='ltr'>Cesserit.</span> <span class='ocrx_word' id='word_1_260' title='bbox 509 3548 612 3610; x_wconf 86' lang='lat' dir='ltr'>lloeue</span> <span class='ocrx_word' id='word_1_261' title='bbox 632 3549 731 3611; x_wconf 89' lang='lat' dir='ltr'>ierens</span> <span class='ocrx_word' id='word_1_262' title='bbox 753 3567 828 3611; x_wconf 91' lang='lat' dir='ltr'>onus</span> <span class='ocrx_word' id='word_1_263' title='bbox 849 3549 1013 3611; x_wconf 87' lang='lat' dir='ltr'>inlaetabile</span> <span class='ocrx_word' id='word_1_264' title='bbox 1035 3553 1133 3613; x_wconf 90' lang='lat' dir='ltr'>matris</span> 
     </span>
     <span class='ocr_line' id='line_1_38' title="bbox 326 3631 1245 3714; baseline 0.005 -20"><span class='ocrx_word' id='word_1_265' title='bbox 326 3633 534 3695; x_wconf 87' lang='lat' dir='ltr'>Transiundam</span> <span class='ocrx_word' id='word_1_266' title='bbox 554 3631 792 3714; x_wconf 63' lang='lat' dir='ltr'>gremioi&#39;quae.</span> <span class='ocrx_word' id='word_1_267' title='bbox 807 3651 853 3694; x_wconf 92' lang='lat' dir='ltr'>me</span> <span class='ocrx_word' id='word_1_268' title='bbox 874 3635 953 3712; x_wconf 75' lang='lat' dir='ltr'>priuos</span> <span class='ocrx_word' id='word_1_269' title='bbox 976 3637 1030 3696; x_wconf 91' lang='lat' dir='ltr'>ima</span> <span class='ocrx_word' id='word_1_270' title='bbox 1052 3636 1104 3699; x_wconf 92' lang='lat' dir='ltr'>sub</span> <span class='ocrx_word' id='word_1_271' title='bbox 1127 3636 1245 3701; x_wconf 88' lang='lat' dir='ltr'>umbras</span> 
     </span>
     <span class='ocr_line' id='line_1_39' title="bbox 321 3715 1319 3800; baseline 0.016 -26"><span class='ocrx_word' id='word_1_272' title='bbox 321 3717 440 3798; x_wconf 77' lang='lat' dir='ltr'>lilergat</span> <span class='ocrx_word' id='word_1_273' title='bbox 454 3715 590 3780; x_wconf 75' lang='lat' dir='ltr'>liumusl’</span> <span class='ocrx_word' id='word_1_274' title='bbox 612 3718 702 3782; x_wconf 85' lang='lat' dir='ltr'>Simul</span> <span class='ocrx_word' id='word_1_275' title='bbox 712 3718 789 3782; x_wconf 85' lang='lat' dir='ltr'>baee</span> <span class='ocrx_word' id='word_1_276' title='bbox 802 3727 938 3798; x_wconf 85' lang='lat' dir='ltr'>terraque</span> <span class='ocrx_word' id='word_1_277' title='bbox 954 3730 982 3781; x_wconf 90' lang='lat' dir='ltr'>et</span> <span class='ocrx_word' id='word_1_278' title='bbox 993 3723 1133 3800; x_wconf 81' lang='lat' dir='ltr'>sauguine</span> <span class='ocrx_word' id='word_1_279' title='bbox 1144 3723 1255 3787; x_wconf 88' lang='lat' dir='ltr'>vultum</span> <span class='ocrx_word' id='word_1_280' title='bbox 1271 3733 1319 3790; x_wconf 73' lang='lat' dir='ltr'>ott</span> 
     </span>
    </p>
   </div>
   <div class='ocr_carea' id='block_1_4' title="bbox 0 0 1572 4434">
    <p class='ocr_par' dir='ltr' id='par_1_8' title="bbox 0 0 1572 4434">
     <span class='ocr_line' id='line_1_40' title="bbox 0 0 1572 4434; baseline 0 2"><span class='ocrx_word' id='word_1_281' title='bbox 0 0 1572 4434; x_wconf 95' lang='lat' dir='ltr'> </span> 
     </span>
    </p>
   </div>
  </div>
 </body>
</html>
