3134 4434
641 441 817 495 SHNARUM
836 442 869 491 la.
884 442 931 491 tv.

283 599 375 675 lydia
398 615 456 677 qua
477 596 592 677 penitus
614 605 746 674 stagnum
766 596 876 679 navale·
893 608 1015 659 coercet

283 684 379 763 Ripa,
402 681 632 760 suburbanisque
651 683 756 743 vadum
777 683 957 760 praetexitur
976 682 1077 743 hortis.

283 768 350 829 lllic
368 767 520 845 egregium
537 767 690 845 formaque
712 767 874 845 animisque
894 765 1008 827 uidebis

282 852 456 913 Marcellum
477 861 506 912 et
526 851 609 912 celso
628 852 815 928 praesignem
832 852 945 911 vertice
967 869 1084 911 nosces.

284 936 339 998 cni
363 937 484 1016 primum
506 936 592 996 solito
614 935 694 1013 vulgi
717 936 853 997 demone
876 936 1011 1012 salutem,
1251 931 1284 998 lb

281 1021 355 1082 Mox
372 1021 485 1082 inclusa
501 1021 594 1081 modis
614 1019 689 1080 haec
708 1020 834 1081 reddere
856 1019 948 1081 verba
969 1029 1130 1081 memento:

348 1104 427 1166 ‘lam
447 1116 541 1166 terras
562 1104 771 1184 volucremque
794 1106 893 1185 polum
913 1105 983 1184 fuga
1003 1106 1082 1165 veris
1103 1103 1207 1182 aquosi

281 1191 376 1253 Laxat
398 1199 427 1250 et
446 1189 546 1250 Icariis
569 1189 684 1248 coelum
704 1188 853 1253 latratibus
875 1192 946 1259 urit;

282 1276 385 1335 Ardua
402 1275 458 1334 iam
479 1274 587 1335 densae
611 1284 763 1334 rarescunt
783 1276 898 1335 moenia
920 1273 1040 1335 Romae.

281 1359 345 1420 llos
364 1358 524 1419 Praeneste
546 1376 678 1434 sacrum,
701 1378 802 1420 nemus
821 1359 876 1421 hos
896 1357 1022 1437 glaciale
1041 1357 1165 1436 Dianae,
1250 1368 1283 1421 15

285 1443 409 1521 Algidus
430 1453 479 1503 aut
498 1443 622 1502 horrens
642 1452 691 1503 aut
713 1442 839 1504 Tuscula
862 1444 989 1522 protegit
1008 1443 1118 1520 umbra,

286 1527 401 1589 Tiburis
422 1527 452 1586 hi
470 1527 554 1587 lucos
576 1527 747 1605 Anienaque
765 1528 876 1605 frigora
899 1535 1023 1606 captant.

308 1668 311 1673 .
349 1611 412 1672 ‘Te
430 1629 547 1690 qnoque
571 1611 879 1690 clamosaequaenam
902 1611 990 1691 plaga
1009 1612 1104 1673 mitior
1124 1609 1188 1671 urbi

282 1693 456 1760 Subtrahit?
495 1695 635 1756 Aestivos
657 1713 715 1775 quo
738 1698 851 1776 decipis
875 1715 945 1757 aere
964 1692 1068 1756 soles?

282 1782 379 1858 Quid,
399 1789 465 1841 tuus
488 1791 554 1841 ante
577 1799 695 1857 omnes,
719 1791 770 1843 tua
789 1801 859 1843 cura
882 1782 1031 1862 potissima
1053 1779 1163 1856 Gallus,
1249 1792 1283 1844 20

279 1866 346 1928 Nec
369 1882 428 1925 non
448 1875 549 1925 noster
570 1883 650 1926 amor
671 1898 715 1914 ...
736 1865 852 1926 dubium
874 1883 1022 1926 morumne
1045 1865 1211 1944 probandus

279 1951 434 2035 Ingeniive
454 1949 554 2026 bonis,
575 1984 616 1998 -ι
631 1949 720 2010 Latiis
742 1952 865 2011 aestivat
887 1947 1015 2011 inuris?

281 2036 368 2097 hune
390 2035 582 2094 metalliferae
604 2036 712 2112 repetit
733 2035 789 2097 iam
809 2036 923 2096 moenia
944 2035 1029 2095 lunae

281 2119 508 2197 Tyrrhenasque
530 2116 653 2179 domos?
696 2118 782 2193 Quod
803 2121 830 2179 si
850 2119 902 2180 tibi
923 2120 1072 2198 proximus
1090 2120 1204 2197 haeret,

280 2204 348 2266 Non
371 2221 429 2282 ego
450 2222 524 2263 nunc
541 2211 642 2262 vestro
664 2203 767 2282 procul
790 2221 806 2262 a
824 2202 960 2265 sermone
981 2204 1101 2265 recedo.
1247 2214 1281 2268 25

283 2287 404 2350 Certum
425 2297 489 2365 est,
512 2288 579 2348 inde
598 2304 687 2346 sonus
708 2287 839 2365 geminas
857 2286 926 2348 mibi
946 2288 1047 2347 circuit
1068 2307 1164 2349 aures.

347 2373 428 2434 ‘Sed
450 2381 495 2450 tn,
516 2373 582 2433 dum
603 2373 689 2433 nimio
707 2389 850 2451 possessa
869 2371 1039 2451 Hyperione
1061 2373 1164 2453 flagrat

282 2456 380 2519 Torva
398 2455 540 2518 Cleonaei
561 2456 629 2517 iuba
651 2457 773 2533 sideris,
796 2475 871 2517 exue
893 2458 970 2518 curis

279 2544 388 2605 Pectus
407 2551 436 2602 et
455 2543 571 2603 assiduo
593 2550 684 2602 temet
705 2542 803 2605 furare
819 2541 928 2606 labori.

280 2627 318 2688 llt
337 2635 439 2687 sontes
460 2627 555 2705 operit
576 2626 729 2706 pharetras
751 2645 908 2707 arcumque
929 2625 1053 2688 retendit
1245 2639 1282 2692 30

278 2711 421 2787 Parthus,
445 2720 474 2770 et
492 2710 574 2770 Eleis
595 2714 695 2789 auriga
719 2711 868 2775 laboribus
883 2707 970 2781 actos'

279 2796 401 2875 Alpheo
421 2795 584 2874 permulcet
606 2805 766 2875 equos‚‚.et
787 2805 886 2857 nostra
906 2796 1015 2877 fatiscit

277 2879 463 2958 Laxaturque
486 2879 598 2956 chelys.
641 2881 728 2939 Vires
748 2881 866 2958 instigat
883 2879 993 2959 alitque

279 2963 468 3044 Tempestiva
487 2965 587 3042 quies,
610 2965 702 3024 maior
722 2965 867 3042 poetotia
888 2964 988 3025 virtus.

278 3048 362 3110 Talis
382 3058 494 3110 cantata
517 3048 650 3108 Briseide
672 3049 758 3110 veuit.
770 3047 952 3129 Achillea...¹¹
1243 3058 1291 3115 35.

276 3134 388 3195 Acrior
407 3142 438 3194 et
458 3134 562 3213 positis
584 3133 680 3212 erupit
699 3134 728 3192 in
749 3131 1029 3212 lleptorqplectris.
1261 3198 1264 3205 ,
1273 3172 1283 3213 5

278 3217 323 3279 'l'e
344 3235 460 3298 quoque
483 3217 638 3278 flammabit
656 3219 744 3279 tacite
761 3218 887 3296 repetita
909 3234 1064 3298 parumper

275 3301 449 3363 Desidiaet
469 3303 573 3362 solitos
592 3302 904 3365 novusr.exnltabis.in
925 3311 1015 3363 actus.
1112 3356 1115 3362 .

279 3385 371 3448 Gerte
391 3389 447 3447 iam
467 3386 645 3453 batiaenon
664 3390 788 3463 nascent
805 3388 1020 3466 iuggialegeq
1065 3436 1067 3443 .
1100 3454 1103 3465 ¹
1199 3440 1202 3447 .

275 3470 315 3532 Et
339 3489 443 3552 pacem
466 3473 552 3551 piger
571 3491 665 3545 annus,
680 3462 980 3567 qqhetqmcssesque
1002 3489 1146 3547 reversae,
1173 3534 1190 3557 Ι,
1239 3481 1278 3547 4⁰.

275 3555 545 3617 Dimiseretorum.
587 3556 653 3619 Nec
672 3555 1071 3639 iamtihitntheqeorum.
1123 3612 1125 3617 .
1198 3606 1213 3635 :2
1287 3622 1291 3633 ,

274 3640 450 3718 Vestibula
473 3641 777 3723 inculcaremu-
792 3640 1102 3723 citramontana
1212 3702 1216 3719 .
1278 3694 1283 3711 ‚

276 3723 384 3788 cessat
406 3727 520 3787 centeni
541 3726 989 3811 moueratrrjqppqtptqpqnp„q
1015 3786 1057 3807 a:
1080 3782 1130 3869 6..
1168 3776 1240 3814 usuc.
1289 3772 1294 3793 2

316 3830 455 3874 suenrus
478 3831 500 3872 1.
