3134 4434
580 479 874 530 rnnuumosmm
894 480 968 530 vm.
1212 471 1270 531 175

283 639 363 698 Tunc
381 638 472 716 magis
493 647 580 719 atque
600 638 692 715 mugio
711 639 791 698 vires
810 636 1145 716 animusque-recedunt,

281 723 345 783 Nec
363 722 457 802 pudor
475 725 519 784 ire
540 733 634 793 retro;
655 722 807 783 cedentem
826 721 988 783 Acheloius
1005 720 1094 782 beroa

281 808 405 888 lupetit,
429 817 459 869 et
477 806 587 869 librans
605 809 655 867 uni
673 807 731 868 sibl
748 808 858 868 missile
876 807 974 883 telum,

282 894 396 953 Direxit
417 895 526 969 iactus,
545 908 673 954 summae
693 911 750 972 qua
771 893 901 970 margine
918 910 1036 972 parmae
1208 906 1271 959 snt

281 977 340 1038 lma
361 978 446 1038 sedet
466 978 552 1055 galea
575 987 604 1039 et
623 977 713 1056 iuguli
737 978 837 1038 vitalia
856 976 962 1038 lucent.

281 1062 345 1124 Nec
367 1062 502 1123 frustrata
521 1080 638 1139 manus,
660 1071 840 1141 mortemque
862 1063 1011 1123 invenerat
1031 1061 1129 1132 lustu

281 1147 342 1207 Sed
359 1145 494 1226 prohibet
515 1147 687 1225 paulumque
703 1145 820 1206 bumeri
839 1146 932 1208 libare
950 1147 1056 1208 m'uistri

280 1230 417 1291 Praebuit
440 1240 469 1291 et
487 1233 589 1292 merito
610 1231 704 1311 parcit
725 1230 965 1293 Tritonialratri.

281 1315 335 1376 llle
354 1325 447 1376 tamen
465 1333 520 1375 nec
538 1325 615 1376 stare
636 1315 704 1376 loco
723 1333 779 1375 nec
802 1317 931 1375 cominus
948 1317 993 1376 ire
1220 1326 1272 1381 teo

281 1400 413 1478 Amplius
434 1409 481 1460 aut
500 1400 596 1460 vultus
616 1400 703 1461 audet
721 1399 856 1480 perferre
877 1404 988 1461 cruenti

285 1484 418 1560 Tydeos,
441 1502 530 1561 aegra
551 1486 645 1545 auirrm
662 1485 708 1544 vis
728 1503 763 1545 ao
784 1484 888 1545 lidncia
909 1486 1009 1546 cessit

282 1568 385 1642 Qualis
405 1571 561 1646 setigerum
581 1569 696 1630 Lucana
718 1569 838 1648 cuspide
858 1569 983 1631 froutmu

281 1655 404 1712 Strictus
426 1671 513 1732 aper,
536 1655 649 1732 penitus
671 1654 796 1714 coinon
821 1653 929 1714 infossa
952 1655 1076 1716 cerebro

281 1737 425 1815 Vulnera,
447 1756 503 1799 uec
523 1738 598 1798 felix
612 1739 738 1800 dextrae
753 1746 862 1815 tenor,
885 1740 913 1798 in
935 1739 1010 1800 latus
1032 1742 1090 1801 iras
1221 1750 1272 1807 535

280 1822 414 1900 Frangit,
437 1833 466 1883 et
488 1833 628 1902 expertae
648 1824 704 1883 iam
725 1839 782 1883 non
803 1825 881 1884 venit
902 1824 1005 1885 obvius
1024 1825 1136 1888 bastae.-

345 1907 442 1984 Ecoe,
465 1907 567 1968 ducem
588 1918 714 1986 turmae,
736 1918 816 1969 certa
839 1909 1007 1988 indignatus·
1022 1912 1051 1971 in
1071 1912 1204 1973 hostem·

281 1993 417 2070 Spicula,
441 1992 524 2052 felici
541 1992 699 2053 Prothoum
717 2002 856 2073 torquere
876 1993 987 2055 lacerto

282 2076 426 2137 Turbidus
447 2075 591 2154 Oenides,
613 2094 670 2138 uua
691 2077 747 2139 duo
770 2096 895 2158 corpora
915 2081 995 2158 pinu,
1025 2108 1028 2115 ·

282 2160 535 2240 Cornipedemque
555 2164 741 2241 equitemque
756 2164 837 2224 ierit.
881 2161 948 2222 linit
967 2163 1018 2223 ille
1036 2174 1170 2225 ruentem
1221 2177 1273 2230 540

280 2246 314 2307 ln
335 2245 506 2321 Prothoum,
530 2246 686 2326 lapsasque
706 2265 790 2308 manu
812 2249 979 2326 quaerentis
999 2247 1127 2309 habenas

282 2331 315 2391 ln
337 2331 430 2391 vultus
450 2331 565 2408 galeam
589 2331 773 2411 clipeumque
793 2334 822 2391 in
844 2341 965 2412 pectora
991 2332 1099 2410 calcat,-

282 2418 403 2476 Saucius
425 2425 555 2475 extremo
575 2416 671 2477 donec
691 2434 754 2485 cum
776 2417 916 2494 sauguine
931 2417 1032 2478 irenes

283 2501 405 2580 Respuit
427 2510 456 2560 et
477 2502 572 2562 iuncta
593 2501 708 2562 domino
731 2502 850 2562 cervice
870 2502 1022 2563 recumbit.
1063 2554 1069 2562 .

281 2589 331 2648 Sic
350 2585 442 2646 ulmus
462 2586 736 2666 vitisquc,··duplex
754 2589 864 2648 iactura
883 2588 993 2663 coloni,
1146 2616 1159 2641 ι.
1173 2610 1197 2644 .·=
1222 2576 1272 2654 5¹45

282 2671 414 2731 Gaurano
436 2670 472 2730 de
494 2676 591 2731 monte
613 2671 734 2749 eadunt,
754 2672 812 2733 sed
826 2674 967 2733 moestior
990 2672 1082 2732 ulmus
1157 2698 1160 2703 ·
1213 2700 1216 2705 ¹
1248 2700 1251 2705 ·

283 2754 403 2828 Quaerit
424 2764 572 2834 utrumque
591 2773 706 2832 nemus,
727 2774 783 2817 uec
805 2766 862 2817 tam
883 2760 935 2818 su'a
955 2756 1074 2851 bruelriu
1096 2757 1261 2833 labens,-

283 2838 376 2912 Quam
393 2839 481 2917 gemit
500 2848 631 2900 assuetus
651 2841 797 2919 mutaque
812 2842 948 2919 proterit
961 2846 1079 2901 urard:-

343 2924 537 3002 Sumpserat
529 2941 557 2981 m
574 2922 692 2983 Dauios
712 2923 881 2985 llelieonius
903 2942 980 2986 amna
1002 2923 1160 2985 Coroebum
1243 2940 1256 2969 2·

283 3009 359 3068 Ante
383 3026 481 3068 comes
499 3005 605 3084 Musis,-
627 3008 721 3085 Stygii
738 3009 784 3069 cui
799 3011 933 3070 fflcooseia
937 3010 1069 3089 pensi'·
1141 3032 1146 3063 ι
1197 3012 1273 3075 >oid

282 3094 350 3171 lpse
369 3093 418 3154 diu
430 3092 578 3171 inspeetis
596 3091 684 3153 letum
705 3093 998 3172 praedixerat’astris
1175 3100 1179 3109 ‘

283 3178 400 3239 Uranie
440 3174 525 3256 Cupit
545 3176 598 3236 ille
616 3187 728 3255 tamen,
748 3196 922 3278 pugnasque
945 3181 1106 3258 virosque

283 3263 414 3323 Forsitan
436 3272 466 3322 ut
488 3272 620 3331 cunerem
639 3263 729 3341 longa
745 3265 823 3324 iacet
839 3264 922 3352 ipse
922 3264 1102 3365 canendus

282 3348 396 3423 laude,
419 3347 471 3409 sed
494 3349 628 3408 amissum
648 3348 906 3409 mutaelleiere
899 3342 1064 3410 sorores.
1178 3382 1181 3387 ·
1257 3380 1260 3387 ·

346 3432 448 3492 Paetus
470 3431 654 3535 Agenoream
675 3434 775 3534 primis
797 3433 874 3510 elipe
888 3433 956 3495 ibat
967 3434 1004 3496 ab
1026 3437 1120 3539 annia·
1222 3447 1272 3527 tit
1364 3431 1369 3460 “

282 3516 476 3577 lameueu—
496 3516 603 3594 Tyrii
591 3519 706 3579 nuvmis
724 3535 782 3578 non
804 3518 914 3580 advena
931 3519 1085 3598 belli-v*
1242 3538 1247 3555 ·

273 3601 419 3675 -Quemvis
440 3598 549 3677 Cyrrlm
565 3603 686 3680 domis,
706 3620 830 3664 soceros
851 3622 908 3664 nec
929 3605 1066 3666 tristibus
1080 3605 1153 3666 actia

282 3686 461 3748 Adversatus
482 3695 577 3763 erut,
582 3720 625 3736 «κ
643 3705 798 3768 sponsam,
821 3689 868 3750 eui
891 3698 988 3750 cestus
1010 3690 1144 3750 amand
1253 3692 1256 3697 '

282 3773 422 3849 squalor,
445 3781 474 3832 et
493 3770 602 3852 intimi
623 3774 811 3840 commendet
827 3775 1065 3856 grunniens.
1096 3788 1141 3815 -·.
1172 3794 1175 3799 ·
1201 3802 1216 3810 „
1284 3780 1294 3791 „
