<?xml version="1.0" encoding="UTF-8"?>
<!DOCTYPE html PUBLIC "-//W3C//DTD XHTML 1.0 Transitional//EN"
    "http://www.w3.org/TR/xhtml1/DTD/xhtml1-transitional.dtd">
<html xmlns="http://www.w3.org/1999/xhtml" xml:lang="en" lang="en">
 <head>
  <title>
</title>
<meta http-equiv="Content-Type" content="text/html;charset=utf-8" />
  <meta name='ocr-system' content='tesseract 3.04.00' />
  <meta name='ocr-capabilities' content='ocr_page ocr_carea ocr_par ocr_line ocrx_word'/>
</head>
<body>
  <div class='ocr_page' id='page_1' title='image "./publiuspapinius00quecgoog/publiuspapinius00quecgoog_0082.png"; bbox 0 0 3134 4434; ppageno 0'>
   <div class='ocr_carea' id='block_1_1' title="bbox 328 416 995 494">
    <p class='ocr_par' dir='ltr' id='par_1_1' title="bbox 328 416 995 494">
     <span class='ocr_line' id='line_1_1' title="bbox 328 416 995 494; baseline 0 -2"><span class='ocrx_word' id='word_1_1' title='bbox 328 426 369 492; x_wconf 74' lang='lat'>48</span> <span class='ocrx_word' id='word_1_2' title='bbox 468 416 470 422; x_wconf 77' lang='grc'><strong>’</strong></span> <span class='ocrx_word' id='word_1_3' title='bbox 666 444 698 492; x_wconf 80' lang='lat' dir='ltr'>r.</span> <span class='ocrx_word' id='word_1_4' title='bbox 721 434 856 492; x_wconf 77' lang='lat' dir='ltr'>rnrrnn</span> <span class='ocrx_word' id='word_1_5' title='bbox 879 444 995 494; x_wconf 73' lang='lat' dir='ltr'>suurn</span> 
     </span>
    </p>
   </div>
   <div class='ocr_carea' id='block_1_2' title="bbox 303 597 1325 3713">
    <p class='ocr_par' dir='ltr' id='par_1_2' title="bbox 327 597 1240 1184">
     <span class='ocr_line' id='line_1_2' title="bbox 329 597 850 675; baseline -0.002 -16"><span class='ocrx_word' id='word_1_6' title='bbox 329 597 368 659; x_wconf 81' lang='lat' dir='ltr'>m</span> <span class='ocrx_word' id='word_1_7' title='bbox 388 597 556 658; x_wconf 90' lang='lat' dir='ltr'>Pharsalica</span> <span class='ocrx_word' id='word_1_8' title='bbox 577 597 657 658; x_wconf 90' lang='lat' dir='ltr'>bella</span> <span class='ocrx_word' id='word_1_9' title='bbox 677 597 850 675; x_wconf 85' lang='lat' dir='ltr'>detonabis,¹</span> 
     </span>
     <span class='ocr_line' id='line_1_3' title="bbox 327 681 937 759; baseline 0.002 -17"><span class='ocrx_word' id='word_1_10' title='bbox 327 681 416 756; x_wconf 76' lang='lat' dir='ltr'>Quod</span> <span class='ocrx_word' id='word_1_11' title='bbox 437 681 545 742; x_wconf 85' lang='lat' dir='ltr'>fulmen</span> <span class='ocrx_word' id='word_1_12' title='bbox 567 682 650 742; x_wconf 92' lang='lat' dir='ltr'>ducis</span> <span class='ocrx_word' id='word_1_13' title='bbox 672 685 846 743; x_wconf 82' lang='lat' dir='ltr'>interamna</span> <span class='ocrx_word' id='word_1_14' title='bbox 869 683 937 759; x_wconf 83' lang='lat' dir='ltr'>divi,</span> 
     </span>
     <span class='ocr_line' id='line_1_4' title="bbox 330 764 850 846; baseline -0.002 -19"><span class='ocrx_word' id='word_1_15' title='bbox 330 766 479 828; x_wconf 76' lang='lat' dir='ltr'>Libertate</span> <span class='ocrx_word' id='word_1_16' title='bbox 496 785 616 844; x_wconf 87' lang='lat' dir='ltr'>gravem</span> <span class='ocrx_word' id='word_1_17' title='bbox 640 769 687 846; x_wconf 95' lang='lat' dir='ltr'>pia</span> <span class='ocrx_word' id='word_1_18' title='bbox 709 764 850 828; x_wconf 79' lang='lat' dir='ltr'>Catonem</span> 
     </span>
     <span class='ocr_line' id='line_1_5' title="bbox 334 849 1112 930; baseline 0.003 -20"><span class='ocrx_word' id='word_1_19' title='bbox 334 849 371 911; x_wconf 87' lang='lat' dir='ltr'>Et</span> <span class='ocrx_word' id='word_1_20' title='bbox 389 860 501 928; x_wconf 84' lang='lat' dir='ltr'>gratum</span> <span class='ocrx_word' id='word_1_21' title='bbox 522 851 719 930; x_wconf 80' lang='lat' dir='ltr'><strong>popularitate</strong></span> <span class='ocrx_word' id='word_1_22' title='bbox 739 849 883 930; x_wconf 82' lang='lat' dir='ltr'>Magnum.</span> <span class='ocrx_word' id='word_1_23' title='bbox 1050 885 1053 891; x_wconf 68' lang='lat'>,</span> <span class='ocrx_word' id='word_1_24' title='bbox 1106 870 1112 879; x_wconf 75' lang='grc'>·’</span> 
     </span>
     <span class='ocr_line' id='line_1_6' title="bbox 330 932 1022 1016; baseline 0.001 -21"><span class='ocrx_word' id='word_1_25' title='bbox 330 935 373 995; x_wconf 81' lang='grc' dir='ltr'>Τιι</span> <span class='ocrx_word' id='word_1_26' title='bbox 392 936 537 995; x_wconf 79' lang='lat' dir='ltr'>Pelusiaci</span> <span class='ocrx_word' id='word_1_27' title='bbox 554 934 652 995; x_wconf 88' lang='lat' dir='ltr'>scelus</span> <span class='ocrx_word' id='word_1_28' title='bbox 669 932 782 1016; x_wconf 78' lang='lat' dir='ltr'>Canopi</span> <span class='ocrx_word' id='word_1_29' title='bbox 838 968 840 973; x_wconf 68' lang='lat'>,</span> <span class='ocrx_word' id='word_1_30' title='bbox 1018 944 1022 951; x_wconf 84' lang='lat'>&#39;</span> 
     </span>
     <span class='ocr_line' id='line_1_7' title="bbox 328 1018 1240 1098; baseline 0.002 -19"><span class='ocrx_word' id='word_1_31' title='bbox 328 1018 461 1080; x_wconf 83' lang='lat' dir='ltr'>Debebis</span> <span class='ocrx_word' id='word_1_32' title='bbox 480 1021 546 1098; x_wconf 89' lang='lat' dir='ltr'>pius</span> <span class='ocrx_word' id='word_1_33' title='bbox 569 1029 599 1079; x_wconf 89' lang='lat' dir='ltr'>et</span> <span class='ocrx_word' id='word_1_34' title='bbox 619 1019 713 1081; x_wconf 88' lang='lat' dir='ltr'>Pharo</span> <span class='ocrx_word' id='word_1_35' title='bbox 736 1030 855 1081; x_wconf 87' lang='lat' dir='ltr'>cruenta</span> <span class='ocrx_word' id='word_1_36' title='bbox 959 1054 962 1059; x_wconf 95' lang='lat'>·</span> <span class='ocrx_word' id='word_1_37' title='bbox 1056 1042 1090 1059; x_wconf 92' lang='lat'>··</span> <span class='ocrx_word' id='word_1_38' title='bbox 1157 1048 1168 1061; x_wconf 89' lang='lat'>··</span> <span class='ocrx_word' id='word_1_39' title='bbox 1237 1042 1240 1051; x_wconf 90' lang='lat'><em>·</em></span> 
     </span>
     <span class='ocr_line' id='line_1_8' title="bbox 328 1102 990 1184; baseline 0 -20"><span class='ocrx_word' id='word_1_40' title='bbox 328 1102 468 1183; x_wconf 86' lang='lat' dir='ltr'>Pompeio</span> <span class='ocrx_word' id='word_1_41' title='bbox 489 1103 572 1164; x_wconf 92' lang='lat' dir='ltr'>dabis</span> <span class='ocrx_word' id='word_1_42' title='bbox 592 1104 679 1164; x_wconf 89' lang='lat' dir='ltr'>altius</span> <span class='ocrx_word' id='word_1_43' title='bbox 702 1104 877 1184; x_wconf 89' lang='lat' dir='ltr'>sepulcrum.</span> <span class='ocrx_word' id='word_1_44' title='bbox 972 1109 990 1137; x_wconf 63' lang='lat'>&#39;³</span> 
     </span>
    </p>

    <p class='ocr_par' dir='ltr' id='par_1_3' title="bbox 303 1188 1307 2533">
     <span class='ocr_line' id='line_1_9' title="bbox 395 1188 1037 1268; baseline 0.006 -21"><span class='ocrx_word' id='word_1_45' title='bbox 395 1188 491 1265; x_wconf 77' lang='lat' dir='ltr'>‘llaec</span> <span class='ocrx_word' id='word_1_46' title='bbox 511 1190 604 1267; x_wconf 86' lang='lat' dir='ltr'>primo</span> <span class='ocrx_word' id='word_1_47' title='bbox 626 1190 738 1248; x_wconf 88' lang='lat' dir='ltr'>iuvenis</span> <span class='ocrx_word' id='word_1_48' title='bbox 760 1206 849 1250; x_wconf 88' lang='lat' dir='ltr'>canes</span> <span class='ocrx_word' id='word_1_49' title='bbox 868 1191 922 1251; x_wconf 88' lang='lat' dir='ltr'>sub</span> <span class='ocrx_word' id='word_1_50' title='bbox 945 1193 1037 1268; x_wconf 81' lang='lat' dir='ltr'>acro,</span> 
     </span>
     <span class='ocr_line' id='line_1_10' title="bbox 328 1272 833 1335; baseline 0.002 -2"><span class='ocrx_word' id='word_1_51' title='bbox 328 1274 406 1334; x_wconf 81' lang='lat' dir='ltr'>Ante</span> <span class='ocrx_word' id='word_1_52' title='bbox 427 1289 518 1332; x_wconf 90' lang='lat' dir='ltr'>annos</span> <span class='ocrx_word' id='word_1_53' title='bbox 541 1273 643 1333; x_wconf 87' lang='lat' dir='ltr'>culicis</span> <span class='ocrx_word' id='word_1_54' title='bbox 661 1272 833 1335; x_wconf 86' lang='lat' dir='ltr'>Maroniani.</span> 
     </span>
     <span class='ocr_line' id='line_1_11' title="bbox 330 1355 852 1431; baseline -0.004 -12"><span class='ocrx_word' id='word_1_55' title='bbox 330 1356 424 1419; x_wconf 83' lang='lat' dir='ltr'>Cedet</span> <span class='ocrx_word' id='word_1_56' title='bbox 445 1356 528 1417; x_wconf 87' lang='lat' dir='ltr'>lliusa</span> <span class='ocrx_word' id='word_1_57' title='bbox 547 1357 625 1431; x_wconf 81' lang='lat' dir='ltr'>rudis</span> <span class='ocrx_word' id='word_1_58' title='bbox 647 1357 757 1418; x_wconf 82' lang='lat' dir='ltr'>ferocis</span> <span class='ocrx_word' id='word_1_59' title='bbox 778 1355 852 1417; x_wconf 84' lang='lat' dir='ltr'>Enni</span> 
     </span>
     <span class='ocr_line' id='line_1_12' title="bbox 329 1440 844 1517; baseline 0 -15"><span class='ocrx_word' id='word_1_60' title='bbox 329 1441 367 1503; x_wconf 81' lang='lat' dir='ltr'>m</span> <span class='ocrx_word' id='word_1_61' title='bbox 389 1442 468 1502; x_wconf 89' lang='lat' dir='ltr'>docti</span> <span class='ocrx_word' id='word_1_62' title='bbox 489 1441 571 1501; x_wconf 82' lang='lat' dir='ltr'>furor</span> <span class='ocrx_word' id='word_1_63' title='bbox 589 1440 695 1502; x_wconf 89' lang='lat' dir='ltr'>arduus</span> <span class='ocrx_word' id='word_1_64' title='bbox 717 1440 844 1517; x_wconf 77' lang='lat' dir='ltr'>Lucreti,</span> 
     </span>
     <span class='ocr_line' id='line_1_13' title="bbox 328 1525 925 1605; baseline 0 -18"><span class='ocrx_word' id='word_1_65' title='bbox 328 1525 366 1587; x_wconf 83' lang='lat' dir='ltr'>Et</span> <span class='ocrx_word' id='word_1_66' title='bbox 385 1528 432 1605; x_wconf 93' lang='lat' dir='ltr'>qui</span> <span class='ocrx_word' id='word_1_67' title='bbox 452 1528 506 1604; x_wconf 81' lang='lat' dir='ltr'>p&#39;er</span> <span class='ocrx_word' id='word_1_68' title='bbox 527 1526 603 1587; x_wconf 82' lang='lat' dir='ltr'>freta</span> <span class='ocrx_word' id='word_1_69' title='bbox 629 1527 709 1586; x_wconf 85' lang='lat' dir='ltr'>duxit</span> <span class='ocrx_word' id='word_1_70' title='bbox 729 1526 925 1604; x_wconf 80' lang='lat' dir='ltr'>Argonautas,</span> 
     </span>
     <span class='ocr_line' id='line_1_14' title="bbox 328 1611 913 1690; baseline -0.002 -20"><span class='ocrx_word' id='word_1_71' title='bbox 328 1611 366 1672; x_wconf 87' lang='lat' dir='ltr'>Et</span> <span class='ocrx_word' id='word_1_72' title='bbox 389 1612 437 1689; x_wconf 93' lang='lat' dir='ltr'>qui</span> <span class='ocrx_word' id='word_1_73' title='bbox 459 1627 584 1690; x_wconf 85' lang='lat' dir='ltr'>corpora</span> <span class='ocrx_word' id='word_1_74' title='bbox 606 1612 697 1690; x_wconf 91' lang='lat' dir='ltr'>prima</span> <span class='ocrx_word' id='word_1_75' title='bbox 719 1611 913 1688; x_wconf 77' lang='lat' dir='ltr'>transfigurat.</span> 
     </span>
     <span class='ocr_line' id='line_1_15' title="bbox 328 1693 994 1774; baseline 0 -19"><span class='ocrx_word' id='word_1_76' title='bbox 328 1695 406 1769; x_wconf 84' lang='lat' dir='ltr'>Quid</span> <span class='ocrx_word' id='word_1_77' title='bbox 426 1696 517 1755; x_wconf 91' lang='lat' dir='ltr'>maius</span> <span class='ocrx_word' id='word_1_78' title='bbox 537 1693 663 1774; x_wconf 84' lang='lat' dir='ltr'>loquor?</span> <span class='ocrx_word' id='word_1_79' title='bbox 707 1694 775 1774; x_wconf 88' lang='lat' dir='ltr'>lpsa</span> <span class='ocrx_word' id='word_1_80' title='bbox 796 1703 826 1755; x_wconf 84' lang='lat' dir='ltr'>te</span> <span class='ocrx_word' id='word_1_81' title='bbox 848 1694 954 1756; x_wconf 89' lang='lat' dir='ltr'>Latinis</span> <span class='ocrx_word' id='word_1_82' title='bbox 990 1726 994 1743; x_wconf 67' lang='grc' dir='ltr'>ι</span> 
     </span>
     <span class='ocr_line' id='line_1_16' title="bbox 327 1780 950 1843; baseline -0.002 -3"><span class='ocrx_word' id='word_1_83' title='bbox 327 1780 438 1840; x_wconf 78' lang='lat' dir='ltr'>Aeneis</span> <span class='ocrx_word' id='word_1_84' title='bbox 459 1780 646 1839; x_wconf 85' lang='lat' dir='ltr'>venerabitur</span> <span class='ocrx_word' id='word_1_85' title='bbox 669 1788 830 1843; x_wconf 81' lang='lat' dir='ltr'>canentem.</span> <span class='ocrx_word' id='word_1_86' title='bbox 940 1788 950 1811; x_wconf 80' lang='grc'>·’</span> 
     </span>
     <span class='ocr_line' id='line_1_17' title="bbox 303 1864 1307 1941; baseline -0.001 -17"><span class='ocrx_word' id='word_1_87' title='bbox 303 1864 391 1925; x_wconf 79' lang='lat' dir='ltr'>&#39;Nec</span> <span class='ocrx_word' id='word_1_88' title='bbox 414 1864 508 1923; x_wconf 89' lang='lat' dir='ltr'>solum</span> <span class='ocrx_word' id='word_1_89' title='bbox 530 1864 605 1924; x_wconf 90' lang='lat' dir='ltr'>dabo</span> <span class='ocrx_word' id='word_1_90' title='bbox 628 1865 917 1941; x_wconf 65' lang='lat' dir='ltr'>carminis&#39;nitorem,</span> <span class='ocrx_word' id='word_1_91' title='bbox 992 1896 995 1901; x_wconf 93' lang='lat'>·</span> <span class='ocrx_word' id='word_1_92' title='bbox 1044 1878 1047 1883; x_wconf 84' lang='lat'>·</span> <span class='ocrx_word' id='word_1_93' title='bbox 1159 1876 1185 1902; x_wconf 83' lang='grc'>“·</span> <span class='ocrx_word' id='word_1_94' title='bbox 1284 1868 1307 1893; x_wconf 83' lang='grc'>·“</span> 
     </span>
     <span class='ocr_line' id='line_1_18' title="bbox 327 1947 825 2026; baseline -0.002 -17"><span class='ocrx_word' id='word_1_95' title='bbox 327 1948 387 2009; x_wconf 84' lang='lat' dir='ltr'>Sed</span> <span class='ocrx_word' id='word_1_96' title='bbox 408 1948 501 2008; x_wconf 90' lang='lat' dir='ltr'>taedis</span> <span class='ocrx_word' id='word_1_97' title='bbox 523 1948 699 2026; x_wconf 83' lang='lat' dir='ltr'>genitalibus</span> <span class='ocrx_word' id='word_1_98' title='bbox 720 1947 825 2008; x_wconf 85' lang='lat' dir='ltr'>dicabo</span> 
     </span>
     <span class='ocr_line' id='line_1_19' title="bbox 325 2032 1031 2111; baseline -0.001 -18"><span class='ocrx_word' id='word_1_99' title='bbox 325 2032 450 2093; x_wconf 79' lang='lat' dir='ltr'>Doctum</span> <span class='ocrx_word' id='word_1_100' title='bbox 469 2042 556 2111; x_wconf 89' lang='lat' dir='ltr'>atque</span> <span class='ocrx_word' id='word_1_101' title='bbox 577 2034 694 2110; x_wconf 83' lang='lat' dir='ltr'>ingenio</span> <span class='ocrx_word' id='word_1_102' title='bbox 716 2041 766 2092; x_wconf 91' lang='lat' dir='ltr'>tuo</span> <span class='ocrx_word' id='word_1_103' title='bbox 785 2033 939 2110; x_wconf 70' lang='lat' dir='ltr'>decoram,</span> <span class='ocrx_word' id='word_1_104' title='bbox 976 2046 980 2071; x_wconf 84' lang='lat'>¹</span> <span class='ocrx_word' id='word_1_105' title='bbox 1026 2066 1031 2076; x_wconf 81' lang='lat'>=</span> 
     </span>
     <span class='ocr_line' id='line_1_20' title="bbox 326 2117 970 2197; baseline 0.003 -21"><span class='ocrx_word' id='word_1_106' title='bbox 326 2117 450 2191; x_wconf 83' lang='lat' dir='ltr'>Qualem</span> <span class='ocrx_word' id='word_1_107' title='bbox 473 2117 579 2179; x_wconf 90' lang='lat' dir='ltr'>blanda</span> <span class='ocrx_word' id='word_1_108' title='bbox 600 2117 700 2176; x_wconf 86' lang='lat' dir='ltr'>Venus</span> <span class='ocrx_word' id='word_1_109' title='bbox 724 2117 866 2197; x_wconf 85' lang='lat' dir='ltr'>daretque</span> <span class='ocrx_word' id='word_1_110' title='bbox 888 2118 970 2194; x_wconf 87' lang='lat' dir='ltr'>luno,</span> 
     </span>
     <span class='ocr_line' id='line_1_21' title="bbox 327 2201 856 2281; baseline 0 -20"><span class='ocrx_word' id='word_1_111' title='bbox 327 2201 460 2280; x_wconf 76' lang='lat' dir='ltr'>[llorma,</span> <span class='ocrx_word' id='word_1_112' title='bbox 484 2202 685 2281; x_wconf 83' lang='lat' dir='ltr'>simplicitate,</span> <span class='ocrx_word' id='word_1_113' title='bbox 709 2203 856 2278; x_wconf 83' lang='lat' dir='ltr'>comitate,</span> 
     </span>
     <span class='ocr_line' id='line_1_22' title="bbox 326 2283 908 2365; baseline 0.002 -20"><span class='ocrx_word' id='word_1_114' title='bbox 326 2283 442 2362; x_wconf 85' lang='lat' dir='ltr'>Gensu,</span> <span class='ocrx_word' id='word_1_115' title='bbox 466 2288 624 2364; x_wconf 84' lang='lat' dir='ltr'>sanguine,</span> <span class='ocrx_word' id='word_1_116' title='bbox 643 2287 751 2363; x_wconf 76' lang='lat' dir='ltr'>gratia,</span> <span class='ocrx_word' id='word_1_117' title='bbox 774 2286 908 2365; x_wconf 70' lang='lat' dir='ltr'>decoret.</span> 
     </span>
     <span class='ocr_line' id='line_1_23' title="bbox 326 2364 1025 2449; baseline 0.003 -20"><span class='ocrx_word' id='word_1_118' title='bbox 326 2364 364 2429; x_wconf 78' lang='lat' dir='ltr'>lit</span> <span class='ocrx_word' id='word_1_119' title='bbox 381 2379 499 2429; x_wconf 86' lang='lat' dir='ltr'>vestros</span> <span class='ocrx_word' id='word_1_120' title='bbox 517 2371 701 2446; x_wconf 77' lang='lat' dir='ltr'>hymenaeon</span> <span class='ocrx_word' id='word_1_121' title='bbox 721 2379 787 2431; x_wconf 92' lang='lat' dir='ltr'>ante</span> <span class='ocrx_word' id='word_1_122' title='bbox 808 2381 911 2449; x_wconf 89' lang='lat' dir='ltr'>postes</span> <span class='ocrx_word' id='word_1_123' title='bbox 1021 2404 1025 2411; x_wconf 93' lang='lat'><em>·</em></span> 
     </span>
     <span class='ocr_line' id='line_1_24' title="bbox 325 2453 918 2533; baseline 0.002 -20"><span class='ocrx_word' id='word_1_124' title='bbox 325 2453 422 2514; x_wconf 81' lang='lat' dir='ltr'>Fastis</span> <span class='ocrx_word' id='word_1_125' title='bbox 445 2454 577 2514; x_wconf 90' lang='lat' dir='ltr'>cantibus</span> <span class='ocrx_word' id='word_1_126' title='bbox 598 2456 662 2533; x_wconf 92' lang='lat' dir='ltr'>ipsa</span> <span class='ocrx_word' id='word_1_127' title='bbox 683 2453 862 2533; x_wconf 83' lang='lat' dir='ltr'>personabo.</span> <span class='ocrx_word' id='word_1_128' title='bbox 897 2484 918 2491; x_wconf 93' lang='lat'>··</span> 
     </span>
    </p>

    <p class='ocr_par' dir='ltr' id='par_1_4' title="bbox 320 2537 1325 3713">
     <span class='ocr_line' id='line_1_25' title="bbox 391 2537 1269 2619; baseline 0 -22"><span class='ocrx_word' id='word_1_129' title='bbox 391 2537 435 2597; x_wconf 65' lang='lat'>‘0</span> <span class='ocrx_word' id='word_1_130' title='bbox 461 2556 568 2599; x_wconf 89' lang='lat' dir='ltr'>saevae</span> <span class='ocrx_word' id='word_1_131' title='bbox 590 2540 705 2597; x_wconf 91' lang='lat' dir='ltr'>nimium</span> <span class='ocrx_word' id='word_1_132' title='bbox 726 2538 1041 2619; x_wconf 74' lang='lat' dir='ltr'>gravesque-Parnasi</span> <span class='ocrx_word' id='word_1_133' title='bbox 1222 2562 1226 2571; x_wconf 93' lang='lat'>·</span> <span class='ocrx_word' id='word_1_134' title='bbox 1257 2562 1269 2589; x_wconf 77' lang='lat'>···</span> 
     </span>
     <span class='ocr_line' id='line_1_26' title="bbox 326 2622 1255 2700; baseline 0.004 -20"><span class='ocrx_word' id='word_1_135' title='bbox 326 2622 351 2680; x_wconf 92' lang='lat'>0</span> <span class='ocrx_word' id='word_1_136' title='bbox 374 2639 526 2700; x_wconf 88' lang='lat' dir='ltr'>numquam</span> <span class='ocrx_word' id='word_1_137' title='bbox 549 2622 614 2684; x_wconf 89' lang='lat' dir='ltr'>data</span> <span class='ocrx_word' id='word_1_138' title='bbox 633 2623 692 2682; x_wconf 87' lang='lat' dir='ltr'>lata</span> <span class='ocrx_word' id='word_1_139' title='bbox 714 2623 802 2699; x_wconf 81' lang='lat' dir='ltr'>longa</span> <span class='ocrx_word' id='word_1_140' title='bbox 821 2623 980 2684; x_wconf 62' lang='lat' dir='ltr'>summisit-¹</span> <span class='ocrx_word' id='word_1_141' title='bbox 1006 2644 1031 2665; x_wconf 92' lang='lat'>··</span> <span class='ocrx_word' id='word_1_142' title='bbox 1059 2642 1080 2663; x_wconf 70' lang='lat'>1·</span> <span class='ocrx_word' id='word_1_143' title='bbox 1097 2654 1100 2659; x_wconf 95' lang='lat'>·</span> <span class='ocrx_word' id='word_1_144' title='bbox 1156 2636 1218 2667; x_wconf 77' lang='lat'><em>····</em></span> <span class='ocrx_word' id='word_1_145' title='bbox 1235 2646 1255 2663; x_wconf 70' lang='lat'>¹·</span> 
     </span>
     <span class='ocr_line' id='line_1_27' title="bbox 326 2699 1320 2789; baseline 0.001 -22"><span class='ocrx_word' id='word_1_146' title='bbox 326 2705 386 2767; x_wconf 82' lang='lat' dir='ltr'>Cur</span> <span class='ocrx_word' id='word_1_147' title='bbox 409 2707 491 2785; x_wconf 93' lang='lat' dir='ltr'>plus,</span> <span class='ocrx_word' id='word_1_148' title='bbox 514 2707 618 2783; x_wconf 89' lang='lat' dir='ltr'>ardua,</span> <span class='ocrx_word' id='word_1_149' title='bbox 643 2705 760 2767; x_wconf 88' lang='lat' dir='ltr'>casibus</span> <span class='ocrx_word' id='word_1_150' title='bbox 782 2705 964 2789; x_wconf 54' lang='lat' dir='ltr'>paletini-³5¹</span> <span class='ocrx_word' id='word_1_151' title='bbox 991 2730 1001 2741; x_wconf 93' lang='lat'>··</span> <span class='ocrx_word' id='word_1_152' title='bbox 1076 2718 1107 2784; x_wconf 44' lang='grc' dir='ltr'>’τ’</span> <span class='ocrx_word' id='word_1_153' title='bbox 1144 2718 1177 2755; x_wconf 60' lang='lat' dir='ltr'>ri!</span> <span class='ocrx_word' id='word_1_154' title='bbox 1204 2699 1320 2758; x_wconf 45' lang='lat'>*04⁶7</span> 
     </span>
     <span class='ocr_line' id='line_1_28' title="bbox 325 2788 1323 2868; baseline 0 -18"><span class='ocrx_word' id='word_1_155' title='bbox 325 2788 386 2853; x_wconf 77' lang='lat' dir='ltr'>(lut</span> <span class='ocrx_word' id='word_1_156' title='bbox 406 2809 496 2851; x_wconf 90' lang='lat' dir='ltr'>saeva</span> <span class='ocrx_word' id='word_1_157' title='bbox 517 2793 583 2852; x_wconf 88' lang='lat' dir='ltr'>vice</span> <span class='ocrx_word' id='word_1_158' title='bbox 604 2809 707 2868; x_wconf 86' lang='lat' dir='ltr'>magna</span> <span class='ocrx_word' id='word_1_159' title='bbox 719 2789 982 2854; x_wconf 63' lang='lat' dir='ltr'>consenescunt?</span> <span class='ocrx_word' id='word_1_160' title='bbox 996 2816 1011 2831; x_wconf 62' lang='grc'>·’</span> <span class='ocrx_word' id='word_1_161' title='bbox 1148 2802 1196 2861; x_wconf 60' lang='lat' dir='ltr'>vin</span> <span class='ocrx_word' id='word_1_162' title='bbox 1223 2792 1323 2843; x_wconf 55' lang='lat' dir='ltr'>ami?</span> 
     </span>
     <span class='ocr_line' id='line_1_29' title="bbox 324 2866 1323 2937; baseline 0 -1"><span class='ocrx_word' id='word_1_163' title='bbox 324 2879 375 2937; x_wconf 89' lang='lat' dir='ltr'>Sic</span> <span class='ocrx_word' id='word_1_164' title='bbox 398 2885 492 2936; x_wconf 90' lang='lat' dir='ltr'>natum</span> <span class='ocrx_word' id='word_1_165' title='bbox 514 2875 680 2937; x_wconf 90' lang='lat' dir='ltr'>Nasamonii</span> <span class='ocrx_word' id='word_1_166' title='bbox 698 2874 836 2937; x_wconf 72' lang='lat' dir='ltr'>Tonantis</span> <span class='ocrx_word' id='word_1_167' title='bbox 897 2866 1136 2924; x_wconf 46' lang='lat' dir='ltr'>³¹³1¹¹=wf¹¹i</span> <span class='ocrx_word' id='word_1_168' title='bbox 1194 2870 1323 2927; x_wconf 65' lang='lat' dir='ltr'>-·‹··&#39;·i=·=⁰?·</span> 
     </span>
     <span class='ocr_line' id='line_1_30' title="bbox 324 2952 1323 3047; baseline 0.001 -26"><span class='ocrx_word' id='word_1_169' title='bbox 324 2961 395 3021; x_wconf 88' lang='lat' dir='ltr'>Post</span> <span class='ocrx_word' id='word_1_170' title='bbox 416 2970 497 3020; x_wconf 87' lang='lat' dir='ltr'>ortus</span> <span class='ocrx_word' id='word_1_171' title='bbox 520 2961 674 3040; x_wconf 89' lang='lat' dir='ltr'>obitusque</span> <span class='ocrx_word' id='word_1_172' title='bbox 695 2961 894 3022; x_wconf 69' lang='lat' dir='ltr'>fulminatos¹</span> <span class='ocrx_word' id='word_1_173' title='bbox 988 2955 1120 3011; x_wconf 56' lang='lat'>=-··32³&#39;&#39;&#39;·²⁸¹</span> <span class='ocrx_word' id='word_1_174' title='bbox 1248 2952 1323 3047; x_wconf 54' lang='lat' dir='ltr'>,victl</span> 
     </span>
     <span class='ocr_line' id='line_1_31' title="bbox 323 3044 1325 3127; baseline 0.004 -23"><span class='ocrx_word' id='word_1_175' title='bbox 323 3046 456 3122; x_wconf 79' lang='lat' dir='ltr'>Angusto</span> <span class='ocrx_word' id='word_1_176' title='bbox 479 3045 612 3121; x_wconf 75' lang='lat' dir='ltr'>Babylon</span> <span class='ocrx_word' id='word_1_177' title='bbox 632 3045 737 3125; x_wconf 88' lang='lat' dir='ltr'>premit</span> <span class='ocrx_word' id='word_1_178' title='bbox 757 3045 984 3127; x_wconf 50' lang='lat' dir='ltr'>sepulcroffwt}</span> <span class='ocrx_word' id='word_1_179' title='bbox 1113 3052 1174 3091; x_wconf 66' lang='lat'>⁷³¹³·</span> <span class='ocrx_word' id='word_1_180' title='bbox 1198 3054 1204 3094; x_wconf 89' lang='lat'>-&#39;</span> <span class='ocrx_word' id='word_1_181' title='bbox 1229 3044 1325 3108; x_wconf 54' lang='lat' dir='ltr'>isbal</span> 
     </span>
     <span class='ocr_line' id='line_1_32' title="bbox 324 3120 1323 3191; baseline 0 -3"><span class='ocrx_word' id='word_1_182' title='bbox 324 3130 375 3190; x_wconf 90' lang='lat' dir='ltr'>Sic</span> <span class='ocrx_word' id='word_1_183' title='bbox 397 3129 483 3188; x_wconf 86' lang='lat' dir='ltr'>lixum</span> <span class='ocrx_word' id='word_1_184' title='bbox 501 3129 612 3190; x_wconf 89' lang='lat' dir='ltr'>Paridis</span> <span class='ocrx_word' id='word_1_185' title='bbox 632 3130 940 3191; x_wconf 65' lang='lat' dir='ltr'>manucrementtrwt</span> <span class='ocrx_word' id='word_1_186' title='bbox 965 3168 968 3173; x_wconf 93' lang='lat'><em>-</em></span> <span class='ocrx_word' id='word_1_187' title='bbox 1110 3168 1112 3176; x_wconf 68' lang='lat'>,</span> <span class='ocrx_word' id='word_1_188' title='bbox 1268 3120 1323 3181; x_wconf 63' lang='grc' dir='ltr'><em>Μ</em></span> 
     </span>
     <span class='ocr_line' id='line_1_33' title="bbox 322 3204 1322 3291; baseline 0.005 -19"><span class='ocrx_word' id='word_1_189' title='bbox 322 3208 446 3291; x_wconf 76' lang='lat' dir='ltr'>Peliden</span> <span class='ocrx_word' id='word_1_190' title='bbox 467 3211 568 3272; x_wconf 87' lang='lat' dir='ltr'>Thetis</span> <span class='ocrx_word' id='word_1_191' title='bbox 591 3212 686 3272; x_wconf 90' lang='lat' dir='ltr'>obruit</span> <span class='ocrx_word' id='word_1_192' title='bbox 709 3204 907 3273; x_wconf 60' lang='lat' dir='ltr'>talemense</span> <span class='ocrx_word' id='word_1_193' title='bbox 932 3216 1000 3259; x_wconf 52' lang='grc' dir='ltr'>Ἠ</span> <span class='ocrx_word' id='word_1_194' title='bbox 1105 3238 1110 3245; x_wconf 92' lang='grc'><strong><em>·</em></strong></span> <span class='ocrx_word' id='word_1_195' title='bbox 1182 3210 1322 3277; x_wconf 45' lang='lat' dir='ltr'>*iiiiii</span> 
     </span>
     <span class='ocr_line' id='line_1_34' title="bbox 323 3297 880 3376; baseline -0.002 -19"><span class='ocrx_word' id='word_1_196' title='bbox 323 3298 373 3357; x_wconf 89' lang='lat' dir='ltr'>Sic</span> <span class='ocrx_word' id='word_1_197' title='bbox 396 3298 467 3376; x_wconf 87' lang='lat' dir='ltr'>ripis</span> <span class='ocrx_word' id='word_1_198' title='bbox 490 3314 547 3373; x_wconf 83' lang='lat' dir='ltr'>ego</span> <span class='ocrx_word' id='word_1_199' title='bbox 569 3299 768 3357; x_wconf 87' lang='lat' dir='ltr'>murmurantis</span> <span class='ocrx_word' id='word_1_200' title='bbox 790 3297 880 3359; x_wconf 89' lang='lat' dir='ltr'>llebri</span> 
     </span>
     <span class='ocr_line' id='line_1_35' title="bbox 321 3379 957 3462; baseline -0.003 -21"><span class='ocrx_word' id='word_1_201' title='bbox 321 3380 388 3441; x_wconf 88' lang='lat' dir='ltr'>Non</span> <span class='ocrx_word' id='word_1_202' title='bbox 406 3390 511 3440; x_wconf 91' lang='lat' dir='ltr'>mutum</span> <span class='ocrx_word' id='word_1_203' title='bbox 534 3390 620 3459; x_wconf 90' lang='lat' dir='ltr'>caput</span> <span class='ocrx_word' id='word_1_204' title='bbox 643 3379 779 3459; x_wconf 90' lang='lat' dir='ltr'>Orpheos</span> <span class='ocrx_word' id='word_1_205' title='bbox 801 3382 957 3462; x_wconf 87' lang='lat' dir='ltr'>sequebar.</span> 
     </span>
     <span class='ocr_line' id='line_1_36' title="bbox 322 3464 972 3542; baseline 0 -17"><span class='ocrx_word' id='word_1_206' title='bbox 322 3466 372 3526; x_wconf 87' lang='lat' dir='ltr'>Sic</span> <span class='ocrx_word' id='word_1_207' title='bbox 395 3473 425 3525; x_wconf 88' lang='lat' dir='ltr'>et</span> <span class='ocrx_word' id='word_1_208' title='bbox 447 3499 489 3512; x_wconf 75' lang='lat'>—-</span> <span class='ocrx_word' id='word_1_209' title='bbox 509 3474 539 3524; x_wconf 93' lang='lat' dir='ltr'>tu</span> <span class='ocrx_word' id='word_1_210' title='bbox 559 3464 653 3524; x_wconf 90' lang='lat' dir='ltr'>rabidi</span> <span class='ocrx_word' id='word_1_211' title='bbox 674 3464 756 3525; x_wconf 85' lang='lat' dir='ltr'>netas</span> <span class='ocrx_word' id='word_1_212' title='bbox 778 3467 908 3542; x_wconf 73' lang='lat' dir='ltr'>tyranni!</span> <span class='ocrx_word' id='word_1_213' title='bbox 931 3503 972 3511; x_wconf 88' lang='lat'>-</span> 
     </span>
     <span class='ocr_line' id='line_1_37' title="bbox 320 3549 887 3629; baseline 0.002 -19"><span class='ocrx_word' id='word_1_214' title='bbox 320 3549 419 3610; x_wconf 90' lang='lat' dir='ltr'>lussus</span> <span class='ocrx_word' id='word_1_215' title='bbox 440 3550 632 3629; x_wconf 89' lang='lat' dir='ltr'>praecipitem</span> <span class='ocrx_word' id='word_1_216' title='bbox 651 3549 749 3609; x_wconf 89' lang='lat' dir='ltr'>subire</span> <span class='ocrx_word' id='word_1_217' title='bbox 766 3549 887 3625; x_wconf 89' lang='lat' dir='ltr'>Lethen,</span> 
     </span>
     <span class='ocr_line' id='line_1_38' title="bbox 320 3632 977 3713; baseline 0.003 -21"><span class='ocrx_word' id='word_1_218' title='bbox 320 3632 394 3694; x_wconf 83' lang='lat' dir='ltr'>llum</span> <span class='ocrx_word' id='word_1_219' title='bbox 416 3651 528 3713; x_wconf 86' lang='lat' dir='ltr'>pugnas</span> <span class='ocrx_word' id='word_1_220' title='bbox 548 3635 627 3692; x_wconf 91' lang='lat' dir='ltr'>canis</span> <span class='ocrx_word' id='word_1_221' title='bbox 647 3634 795 3712; x_wconf 89' lang='lat' dir='ltr'>arduaque</span> <span class='ocrx_word' id='word_1_222' title='bbox 813 3651 890 3694; x_wconf 90' lang='lat' dir='ltr'>voce</span> <span class='ocrx_word' id='word_1_223' title='bbox 974 3664 977 3668; x_wconf 93' lang='lat'>·</span> 
     </span>
    </p>
   </div>
   <div class='ocr_carea' id='block_1_3' title="bbox 319 3716 867 3807">
    <p class='ocr_par' dir='ltr' id='par_1_5' title="bbox 319 3716 867 3807">
     <span class='ocr_line' id='line_1_39' title="bbox 319 3716 867 3807; baseline -0.002 -30"><span class='ocrx_word' id='word_1_224' title='bbox 319 3716 380 3784; x_wconf 81' lang='lat' dir='ltr'>bas</span> <span class='ocrx_word' id='word_1_225' title='bbox 401 3717 506 3807; x_wconf 82' lang='lat' dir='ltr'>solatia</span> <span class='ocrx_word' id='word_1_226' title='bbox 528 3716 687 3797; x_wconf 83' lang='lat' dir='ltr'>grandibus</span> <span class='ocrx_word' id='word_1_227' title='bbox 709 3718 867 3798; x_wconf 82' lang='lat' dir='ltr'>sepulcris,</span> 
     </span>
    </p>
   </div>
   <div class='ocr_carea' id='block_1_4' title="bbox 0 0 1572 4434">
    <p class='ocr_par' dir='ltr' id='par_1_6' title="bbox 0 0 1572 4434">
     <span class='ocr_line' id='line_1_40' title="bbox 0 0 1572 4434; baseline 0 3"><span class='ocrx_word' id='word_1_228' title='bbox 0 0 1572 4434; x_wconf 95' lang='lat' dir='ltr'> </span> 
     </span>
    </p>
   </div>
  </div>
 </body>
</html>
