3134 4434
307 427 347 491 32
634 443 678 493 vr.
701 443 837 492 sarsum
859 443 976 492 saurir

307 601 383 660 Acta
405 606 512 659 vocant
533 616 689 678 rerumque
705 617 832 677 graves,
853 600 976 677 ignave,
996 608 1122 679 paratus.

309 684 371 761 Tu,
392 684 483 746 veluti
504 701 639 761 magnum
660 685 686 743 si
705 686 762 745 iam
782 684 953 745 tollentibus
977 683 1093 746 Austris

308 770 420 831 lonium
441 770 523 847 nigra
546 769 642 829 iaceat
663 768 718 829 sub
739 768 815 829 nube
837 771 986 847 magister,

302 855 452 921 ,Inmemor
470 870 613 914 armorum
632 854 836 932 versantisque
857 871 987 933 aequora
1007 854 1082 914 clavi

310 939 472 1001 Cunctaris.
514 937 632 1018 lamque
651 938 703 999 ille
724 939 826 1015 novis,
848 941 903 999 scit
925 938 1013 1015 fama,
1036 940 1169 1018 superbit

310 1022 451 1085 Conubiis
470 1025 609 1102 viresque
630 1030 734 1102 parat,
756 1024 821 1103 quis
841 1041 933 1100 regna
954 1033 1101 1102 capessat,

310 1109 384 1184 Quis
406 1117 512 1186 neget,
534 1108 621 1187 inque
641 1116 690 1169 tua
711 1109 823 1169 senium
845 1108 900 1167 sibi
922 1108 1048 1168 destinat
1069 1108 1143 1168 aula.

308 1194 385 1254 Dant
404 1196 514 1261 animos
536 1209 625 1253 socer
646 1194 767 1270 augurio
786 1191 883 1253 fatalis
905 1191 1046 1253 Adrastus

308 1277 492 1357 Dotalesque
513 1275 602 1354 Argi,
622 1295 679 1337 nec
697 1295 756 1338 non
774 1277 947 1339 infoedera
967 1278 1042 1338 vitae

308 1363 439 1425 Poiiutus
459 1362 568 1441 placuit
584 1361 715 1423 fraterno
732 1363 878 1440 sangnine
900 1361 1028 1437 Tydeus.
1052 1370 1054 1375 '

308 1447 383 1508 Hinc
405 1456 516 1524 tumor,
539 1455 568 1507 et
586 1446 693 1524 longus
713 1447 796 1508 fratri
816 1448 993 1527 promitteris
1017 1445 1094 1507 exul.

309 1532 378 1610 Ipse
401 1532 486 1592 deum
507 1533 623 1614 genitor
645 1531 697 1592 tibi
717 1550 764 1593 me
783 1533 937 1595 miseratus
956 1530 994 1591 ab
1014 1532 1075 1592 alto

307 1616 407 1678 Mittit:
432 1615 507 1677 habe
529 1615 662 1694 Thebas,
687 1635 866 1695 caecumque
890 1616 1023 1694 cupidine
1045 1619 1128 1694 regui

307 1701 512 1780 Ausurumque
531 1701 633 1762 eadem
655 1719 823 1778 germanum
844 1700 980 1780 expelle,
1003 1720 1059 1761 nec
1081 1700 1155 1761 ultra

307 1785 465 1847 Fraternos
487 1785 642 1846 inhiantem
663 1784 759 1847 obitus
783 1787 846 1846 sinc
867 1786 966 1847 sidere
990 1788 1103 1864 coeptis

308 1869 484 1946 Fraudibus,
506 1878 555 1931 aut
578 1868 687 1931 Cadmo
709 1871 840 1932 dominas
859 1870 968 1931 inferre
990 1869 1150 1947 uycenssJ

255 2028 257 2032 ι
372 1954 468 2031 Dixit,
488 1962 518 2016 et
539 1954 720 2032 abscedens,
744 1957 851 2017 etenim
870 1957 925 2015 iam
947 1955 1056 2034 pallida
1078 1955 1192 2016 turbant

309 2039 411 2100 Sidera
434 2040 507 2100 lucis
529 2041 612 2118 equi,
634 2050 731 2100 ramos
753 2058 789 2101 ac
810 2040 924 2101 uellera
943 2040 1030 2100 fronti

307 2124 451 2204 Diripuit,
475 2125 629 2186 confessus
652 2143 752 2203 avum,
777 2125 890 2204 dirique
911 2127 1027 2204 nepotis

307 2209 439 2271 incubuit
461 2211 573 2284 stratis,
592 2210 721 2288 iugulum
740 2221 810 2271 mox
830 2210 922 2272 caede
945 2217 1090 2289 patentem

306 2294 402 2355 Nudat
424 2304 453 2355 et
476 2295 590 2356 undanti
611 2295 758 2375 perfundit
779 2295 901 2356 vulnere
926 2312 1065 2355 somnum.
1091 2347 1094 2353 .

371 2379 417 2439 liii
439 2389 523 2458 rupta
546 2382 648 2458 quies,
670 2380 775 2441 attollit
795 2379 924 2440 membra
945 2390 1070 2458 toroque

307 2463 438 2541 Erigitur
460 2463 564 2542 plenus
585 2465 737 2541 monstris,
759 2482 922 2543 vanumque
942 2481 1074 2525 cruorem

306 2546 467 2607 Excutiens
489 2547 572 2608 simul
591 2547 691 2609 horret
709 2566 794 2609 avum
813 2549 990 2628 fratremque
1012 2547 1142 2627 requirit.

308 2631 409 2707 Qualis
427 2631 475 2691 ubi
497 2632 594 2693 audito
613 2642 768 2695 venantum
789 2651 933 2693 murmure
952 2634 1035 2711 tigris

305 2715 425 2776 Horruit
445 2717 473 2776 in
496 2717 624 2778 maculas
646 2734 824 2797 somnosque
845 2719 975 2779 excussit
996 2713 1120 2778 i'uertes:

212 2809 214 2812 ’
306 2799 389 2862 Bella
408 2803 489 2881 cupit
508 2802 645 2881 laxatque
663 2821 755 2881 genas
774 2812 805 2864 et
821 2811 965 2884 temperat
982 2821 1110 2880 unguem

306 2884 377 2945 Mox
398 2887 454 2946 ruit
475 2889 505 2948 in
526 2896 633 2948 turmas
653 2890 787 2968 natisque
808 2888 942 2953 alimenta
962 2889 1088 2949 cruentis

307 2971 473 3050 Spirantem
494 2973 552 3034 fert
574 2990 627 3033 ore
644 2974 753 3034 virum:
775 2974 819 3034 sic
841 2975 958 3034 excitis
974 2974 1016 3033 ira

306 3053 418 3116 Ductor
439 3058 468 3115 in
489 3055 640 3119 absentem
660 3059 802 3119 consumit
819 3059 940 3138 proelia
953 3059 1080 3119 fratrem.

371 3138 408 3199 Et
428 3141 484 3200 iarn
504 3140 669 3221 Mygdoniis
689 3144 765 3205 elata
788 3142 932 3204 cubilibus
953 3142 1013 3223 alto

305 3222 453 3303 impulerat
476 3226 563 3287 coelo
585 3226 700 3306 gelidas
720 3226 837 3289 Aurora
856 3227 1005 3302 tenebras,

305 3308 451 3370 Rurautes
474 3329 598 3373 excussa
619 3328 718 3373 comas
739 3312 916 3391 multumque
937 3310 1071 3391 sequenti

306 3393 378 3454 Sole
395 3393 516 3464 rubens;
539 3395 707 3467 iiiiaoseus
729 3415 784 3477 per
804 3397 902 3458 nubila
924 3414 1007 3461 seras

304 3479 442 3539 Advertit
463 3479 590 3540 dammas
614 3481 798 3562 alienumque
817 3481 939 3543 aethera
960 3479 1043 3541 tardo

304 3562 504 3653 Lucifer'exit
526 3583 620 3644 equo,
644 3566 740 3628 donec
762 3575 847 3646 pater
869 3568 972 3644 igneus
994 3564 1096 3625 orhem

298 3636 529 3727 inpiea'h'atque
546 3652 602 3728 ipsi
624 3651 722 3713 radios
744 3660 824 3713 vetet
846 3669 914 3711 esse
937 3651 1042 3726 sorori,

304 3731 398 3807 Quum
417 3735 517 3796 senior
537 3733 719 3802 Talaonides
732 3754 796 3799 nec.
810 3736 898 3817 longo
917 3737 1026 3817 morati.
