3134 4434
338 455 428 502 XVIII
731 457 941 507 PRAEFATIO.

337 615 484 686 amplexo,
511 614 567 670 dici
583 621 675 686 potest
692 614 896 671 Rhamnusiam
914 615 1023 672 invidia
1041 618 1059 672 i.
1085 634 1110 672 e.
1135 617 1201 674 odio
1219 623 1338 688 moveri,

320 705 322 710 '
337 699 435 754 ludere
447 700 559 756 videtur
569 706 655 772 poeta
665 693 761 756 verbis
773 700 888 756 ridendo
901 708 929 755 et
940 702 1050 757 invidio.
1082 706 1127 761 82.
1141 703 1203 758 libri
1215 707 1335 778 sacvius,

338 783 415 856 quod
431 785 497 840 terri
517 800 572 839 non
586 790 693 855 potest;
712 785 859 840 Dubnerus
874 787 934 840 vult
950 786 1007 858 legi
1022 788 1142 858 sequius.
1175 791 1219 847 83.
1233 787 1337 844 Schra-

339 869 399 924 deri
415 869 567 926 correctio:
583 870 636 924 sibi
651 884 745 926 soevo.
782 873 826 928 96.
845 869 907 925 libri
924 871 1026 942 optime
1042 873 1153 926 suevia·
1173 876 1216 931 98.
1234 888 1335 928 omnes

338 954 401 1009 libri
412 955 534 1025 carpsit,
552 959 595 1014 99.
611 955 717 1022 claros,
733 960 794 1012 100.
806 955 869 1008 illic.
903 983 906 988 ·
977 995 981 1001 .

424 1036 516 1092 Carm.
525 1038 586 1093 Vll.-
630 1039 725 1093 Vrat.:
740 1036 931 1094 Genethliocon
942 1037 1050 1093 Lucani
1060 1038 1099 1092 od
1109 1040 1228 1110 oppium,
1239 1039 1334 1097 Parm.

338 1151 380 1163 -—
391 1121 430 1177 ad
440 1122 549 1193 Pollam
557 1164 564 1189 ‚
576 1123 612 1177 cl.
625 1122 705 1193 epist.
715 1123 800 1178 huius
812 1123 884 1178 libri.
909 1139 935 1180 v.
951 1125 993 1180 14.
1011 1123 1075 1176 Por.
1090 1122 1177 1178 Voss.
1189 1122 1270 1178 Rom.
1281 1141 1337 1195 po-

338 1213 440 1276 teram,
452 1207 540 1262 altera
551 1223 621 1263 vero
637 1208 719 1262 lectio
734 1212 815 1279 potet
830 1212 891 1277 cut,
911 1222 984 1277 quae
998 1207 1119 1278 primum
1130 1207 1159 1261 in
1172 1207 1277 1263 Aldina
1288 1225 1337 1280 ap-

336 1299 432 1364 paret,
450 1291 552 1363 legitur
567 1291 595 1345 in
609 1290 686 1356 Vrat.
695 1307 704 1359 ;
721 1297 799 1363 patet
810 1291 827 1345 i.
841 1307 865 1348 e.
882 1308 933 1362 per
946 1307 1039 1347 ramos
1051 1291 1164 1346 minime
1177 1290 1282 1348 densos
1296 1294 1336 1348 lu·
1356 1342 1363 1353 .

339 1393 401 1432 cem
413 1375 545 1443 admittit3
564 1376 635 1431 diem
653 1379 757 1447 recepit
773 1376 791 1431 i.
806 1392 831 1430 e.
847 1376 915 1432 solis
933 1392 965 1431 ac
983 1376 1056 1433 coeli
1068 1376 1171 1430 lumen.
1205 1383 1250 1436 21.
1262 1377 1335 1432 llan-

339 1459 404 1516 dius
414 1449 469 1532 per
484 1475 565 1516 orces
576 1461 632 1533 legi
646 1461 716 1516 vult.
745 1465 791 1519 24.
804 1459 939 1531 particula
956 1460 1009 1516 beu
1022 1466 1064 1515 est
1075 1458 1254 1529 admirantis,
1273 1477 1336 1533 per-

338 1546 432 1600 tinens
448 1545 485 1601 ad
504 1547 599 1613 nimis,
618 1561 738 1617 quocum
757 1546 935 1600 coniunctum
957 1544 1039 1600 vides
1058 1544 1086 1598 in
1109 1545 1180 1599 loeis
1198 1563 1215 1601 a
1233 1545 1335 1602 Markl.

339 1631 440 1686 allatis.
468 1634 525 1689 ln.
542 1630 627 1686 codd.
645 1631 793 1685 lectionem
806 1630 902 1685 doctos
917 1631 1021 1701 equites
1043 1644 1140 1683 veram
1158 1635 1185 1683 el
1202 1631 1336 1701 optimam
1366 1644 1369 1648 ·

336 1720 420 1786 put03
438 1714 511 1771 docti
521 1716 596 1770 enim
606 1722 633 1771 et
643 1714 784 1770 literarum
797 1716 920 1769 fautores
933 1714 1114 1769 vocabantur.
1139 1716 1233 1772 4961.
1246 1713 1335 1770 Theb.

336 1799 385 1869 IV,
398 1802 464 1868 7623
477 1801 544 1856 Luc.
556 1799 603 1869 ΙΧ,
616 1803 678 1859 408.
691 1805 786 1857 -52.
798 1799 876 1854 Vrat.
887 1800 979 1868 conc,
991 1798 1077 1852 ceteri
1088 1799 1197 1866 coccris3
1219 1815 1335 1855 sensus:

338 1891 368 1938 tu
382 1884 461 1940 canis
472 1885 567 1954 Latio,
586 1887 605 1939 i.
618 1901 643 1940 e.
662 1885 767 1956 populo
783 1882 883 1951 Rom,
901 1884 947 1938 alii
965 1889 1096 1938 externas
1115 1897 1161 1937 res
1180 1884 1333 1939 celebrant.

337 1969 378 2024 De
390 1984 478 2024 versu
494 1974 538 2029 58.
555 1970 683 2041 irroratus
700 1999 741 2012 -
761 1967 903 2040 Orpheus,
922 1968 969 2039 qui
987 1968 1106 2022 maxime
1127 1969 1240 2025 uexauit
1253 1969 1336 2023 inter-

336 2059 434 2125 pretes
445 2053 500 2108 hoc
517 2053 635 2110 addam:
654 2053 831 2109 secernenda
849 2059 913 2108 sunt
927 2052 1052 2108 carmina
1063 2053 1146 2123 opica
1157 2053 1191 2106 ab
1204 2053 1336 2122 scenicis,

339 2138 484 2194 scenicum
500 2145 528 2192 et
541 2139 655 2211 publice
674 2138 820 2193 recitatum
839 2142 898 2192 erat
915 2152 1028 2193 carmen
1043 2137 1125 2206 illud,
1145 2136 1221 2207 quod
1237 2137 1336 2194 inscri-

337 2225 454 2280 bebatur
472 2223 610 2296 Orpheus.
651 2222 694 2278 Tu
713 2219 797 2295 igitur
819 2223 974 2278 celebrabis
994 2221 1126 2286 Hectora,
1151 2220 1292 2277 Priamum
1309 2227 1337 2276 et

338 2308 446 2380 elysios
459 2325 588 2381 campos,
608 2314 636 2362 et
650 2323 820 2378 quamquam
837 2306 881 2362 his
895 2307 1024 2362 omnibus
1037 2306 1143 2361 artibus
1157 2307 1285 2362 aemulus
1300 2307 1337 2362 sit

335 2393 413 2448 »Nero
434 2394 577 2464 ingratus,
597 2391 759 2447 introduces
782 2397 874 2446 tamen
893 2389 1034 2461 Orpheum
1053 2387 1253 2458 labbeanum,
1272 2391 1291 2445 i.
1310 2408 1334 2446 e.

218 2483 221 2488 '
305 2533 308 2537 ,
338 2493 397 2532 non
408 2477 499 2531 solum
517 2477 615 2532 amieis
632 2477 686 2531 tois
703 2492 788 2530 canes
801 2476 927 2531 carmina
940 2477 1035 2546 epira,
1054 2473 1107 2529 sed
1116 2474 1228 2545 publice
1239 2474 1336 2546 prodi·

337 2561 478 2616 bisetium
492 2562 628 2616 renitente
639 2561 760 2616 Nerone.
775 2589 813 2599 -
832 2559 892 2615 Tibi
907 2560 926 2615 i.
939 2577 963 2614 e.
977 2560 1006 2613 in
1020 2565 1082 2615 tuas
1100 2556 1211 2614 laudes.
1231 2558 1335 2631 Profe-

336 2651 417 2700 rctur
434 2645 461 2698 in
476 2645 557 2701 Vrat.
575 2644 641 2702 Sen.
659 2644 745 2699 Vind.
761 2663 806 2692 =
824 2643 1009 2700 exhibebitur.
1047 2647 1092 2703 62.
1111 2642 1175 2698 libri
1190 2643 1253 2699 buc.
1290 2649 1335 2705 67.

337 2730 403 2785 Par.
415 2728 497 2784 Rom.
510 2735 537 2785 ct
543 2729 668 2801 fulmen,
681 2729 758 2784 Vrat.
771 2730 861 2784 Parm.
874 2729 948 2783 Vcn.
959 2744 1013 2800 quo
1026 2726 1144 2798 fulmen.
1178 2730 1222 2787 77.
1236 2744 1335 2784 omnes

285 2866 288 2871 .
341 2814 430 2881 duxit,
464 2816 508 2872 79.
529 2814 604 2887 quid,
626 2818 671 2872 81.
691 2813 818 2884 plerique
839 2815 1003 2881 carminum,
1034 2817 1078 2871 83.
1097 2828 1195 2867 omnes
1215 2819 1270 2882 tuo,
1292 2817 1336 2872 88.

334 2898 432 2973 sertim
453 2903 497 2958 90.
508 2915 560 2970 pro
569 2898 643 2971 fcsto
654 2898 738 2970 posui
750 2899 913 2954 auctoritate
923 2897 1000 2953 Vrat.
1012 2894 1090 2969 sota,
1109 2898 1129 2951 i.
1141 2912 1166 2951 e.
1179 2897 1237 2952 lata
1250 2897 1335 2964 vitae,

338 2983 416 3038 idem
429 3001 457 3041 v.
476 2987 520 3042 92.
533 2999 626 3039 rocon.
658 2987 702 3042 96.
719 2983 791 3036 mira
807 2982 931 3038 varietas
949 2982 1114 3037 lectionum:
1132 2981 1210 3037 Vrot.
1228 2981 1336 3038 Parme

338 3069 379 3122 sic
393 3068 485 3138 mom
495 3066 610 3124 Paridis
625 3084 712 3122 manu
723 3069 890 3137 prementis,
908 3065 984 3121 Leid
997 3067 1058 3122 Par.
1075 3064 1157 3120 Rom.
1170 3065 1242 3119 Ven.
1255 3065 1335 3120 Vie:

338 3150 453 3207 Paridis
464 3167 549 3206 manu
563 3154 696 3223 potentis,-
712 3150 778 3206 Ald.
790 3157 818 3206 et
828 3155 933 3207 recent.
945 3152 1099 3215 trementia,
1112 3147 1194 3204 Seme
1211 3151 1237 3203 si
1244 3149 1337 3220 fixum

226 3251 233 3257 ·
340 3235 440 3292 corrobi
454 3252 539 3290 manu
561 3237 688 3306 potentis
720 3235 750 3290 ln
770 3251 848 3307 seqq.
860 3236 940 3289 Vrat.
958 3235 1050 3289 Parm.
1068 3232 1133 3291 Ald.
1147 3233 1273 3303 horruit,
1292 3250 1336 3288 ec·

224 3384 230 3391 ¹
339 3320 391 3377 teri
407 3319 505 3380 obruit.
534 3321 595 3376 116.
616 3320 658 3375 Tu
676 3335 777 3391 macno
790 3336 888 3375 omnes
900 3318 977 3386 libri,
996 3324 1039 3373 est
1055 3317 1242 3388 parenthesis.
1275 3323 1337 3377 125.

339 3403 417 3458 Vrat.
428 3405 491 3460 Par.
500 3404 607 3476 liparo.
618 3404 721 3458 Anton.
736 3402 878 3459 Amitern=
892 3404 1020 3460 solebant
1030 3418 1133 3457 uxores
1145 3401 1251 3457 inaritis
1263 3418 1337 3456 mor-

339 3489 395 3544 tuis
412 3493 519 3543 statuas
539 3490 650 3560 erigere
671 3491 722 3543 sub
746 3489 836 3543 torma
861 3493 888 3543 et
908 3486 1090 3543 similitudine
1113 3485 1159 3542 dei
1182 3487 1244 3542 sive
1264 3485 1337 3541 Bae-

250 3615 261 3642 ,
341 3573 388 3628 ehi
408 3572 469 3628 sive
486 3572 641 3642 Apollinis,
673 3570 750 3643 quod
772 3573 851 3626 Polla
875 3588 932 3625 non
957 3572 1035 3640 tecit,
1070 3569 1122 3625 sed
1146 3572 1197 3625 sub
1221 3571 1338 3642 propria

340 3657 446 3713 lucani
468 3656 647 3713 similitudine
665 3656 824 3726 composuit
843 3655 976 3728 effigiem.
1013 3660 1072 3715 130.
1088 3670 1187 3712 omnes
1211 3656 1274 3711 libri
1298 3657 1339 3710 in-

338 3741 485 3813 cobotpuc.
