3134 4434
601 478 800 529 mammos
822 479 892 527 ms.
913 480 963 529 xr.
1218 465 1280 527 249

286 636 397 715 Regma
418 635 561 697 extulerat
577 644 676 697 notum
696 630 896 714 penetralibus
915 653 1025 712 ensem,
1229 643 1280 698 635

285 721 394 782 Ensem
415 721 584 799 sceptriferi
604 721 730 799 spolium
750 720 929 781 lacrimabile
950 720 1020 781 baii.

284 805 432 885 Multaque
455 823 540 884 quum
562 806 677 884 superis
700 814 730 865 et
751 805 814 866 diro
837 815 940 884 questu
961 803 1049 865 cubili

284 889 323 951 Et
345 892 402 950 nati
425 890 506 950 furiis
529 899 558 951 et
579 891 663 970 primi
679 891 811 967 coniugis
834 889 953 964 umbris,

282 974 402 1037 Luctata
424 983 469 1035 est
490 975 609 1051 dextra,
630 984 661 1035 et
680 992 775 1054 prono
793 975 843 1034 vix
863 984 985 1053 pectore
1007 973 1116 1034 ferrum

283 1058 402 1120 Intravit
420 1060 552 1134 tandem,
573 1069 602 1119 et
622 1077 714 1120 venas
736 1061 868 1139 prorupit
889 1059 982 1120 aniles
1228 1067 1280 1121 640

283 1143 413 1219 Vulnus,
437 1153 467 1205 et
486 1144 588 1205 infelix
606 1145 742 1205 lustratur
763 1145 903 1221 sanguine
924 1144 1029 1204 lectus.

283 1227 366 1288 Illius
389 1229 458 1289 exili
478 1229 647 1290 stridentem
663 1231 692 1289 in
709 1239 833 1308 pectore
854 1229 969 1308 plagam

283 1311 398 1373 Ismene
421 1313 554 1392 collapsa
575 1332 664 1393 super
685 1314 870 1391 lacrimisque
891 1314 1041 1392 comisque

285 1397 421 1458 siccabat
439 1398 596 1476 plangens3
617 1399 710 1478 qualis
732 1397 931 1458 Marathonide
948 1398 1022 1458 silva

284 1479 405 1542 Flebilis
424 1481 554 1560 Erigone
576 1485 656 1544 caesi
677 1500 771 1562 prope
794 1482 896 1543 funera
917 1483 1007 1562 patris
1227 1489 1279 1545 645

285 1565 441 1640 Questibus
464 1566 623 1646 absumptis
644 1570 755 1628 tristem
773 1567 829 1627 lum
846 1568 965 1628 solvere
986 1566 1092 1627 nodum

286 1647 450 1729 Coeperat,
470 1660 499 1712 et
518 1652 611 1712 fortes
631 1670 727 1713 ramos
747 1653 884 1712 moritura
906 1651 1035 1730 legebat.

347 1734 462 1796 Atiam
482 1736 560 1797 laeta
579 1737 681 1797 ducum
703 1755 773 1816 spes
796 1737 920 1797 elusisse
940 1737 1071 1812 duorum,

284 1819 345 1880 lles
366 1820 554 1900 Ampbi0nias
573 1822 631 1882 alio
656 1831 861 1901 sceptrumque
883 1822 1007 1898 maligna

284 1903 483 1966 Transtulerat
502 1904 628 1967 Fortuna
643 1924 743 1983 manu,
763 1905 920 1986 Cadmique
938 1903 1058 1966 tenebat
1227 1911 1280 1966 660

283 1988 350 2050 1616
373 1987 478 2050 Creon.
521 1988 612 2051 IIiser
633 1991 690 2051 beu
711 1991 855 2052 bellorum
876 1989 1027 2052 terminus!
1049 1987 1093 2049 illi

283 2074 448 2152 Pugnarant
467 2075 589 2145 fratres;
611 2075 687 2135 hunc
706 2085 736 2135 et
756 2074 897 2136 Mavortia
923 2075 1046 2136 clamant

284 2159 416 2236 semma,
440 2168 470 2219 et
490 2160 627 2238 inpensus
648 2159 759 2238 patriae
781 2160 869 2238 paulo
887 2169 952 2220 ante
973 2158 1150 2219 Menoeceus

283 2241 428 2304 Conciliat
451 2244 583 2322 populis;
605 2242 718 2304 scandit
737 2244 827 2304 fatale
848 2253 985 2321 tyrannus

282 2326 403 2388 Flebilis
423 2327 535 2388 Aoniae
556 2328 669 2388 solium.
709 2327 765 2388 Pro
789 2328 894 2390 blanda
912 2336 1044 2408 potestas
1222 2335 1277 2389 666

282 2411 321 2473 Et
341 2413 451 2492 sceptri
472 2413 674 2474 malesuadus
695 2413 790 2474 amor!
812 2431 1001 2492 numquamne
1023 2411 1152 2491 priorum

281 2497 450 2558 llaerebuut
468 2497 640 2558 documenta
661 2495 765 2558 novis?
784 2500 863 2560 iuvat
878 2517 952 2559 cccc
970 2497 1084 2558 nefasto

283 2583 368 2643 Stare
386 2582 455 2643 loco
471 2584 661 2662 regimenque
679 2601 763 2644 mauu
785 2592 911 2644 tractare
930 2591 1087 2644 cruentum.

283 2665 360 2740 Quid
377 2667 481 2728 melior
497 2665 623 2728 Fortuna
645 2665 763 2747 potest?
786 2670 842 2729 iem
860 2669 981 2730 flectere
1000 2676 1111 2746 patrem
1355 2734 1360 2743 ¹

281 2749 387 2829 Incipit
407 2760 493 2829 atque
514 2753 588 2813 datis
609 2752 730 2814 abolere
749 2751 912 2814 Menoecea
933 2754 1043 2830 regnis.
1224 2758 1277 2814 660

282 2834 406 2894 Primum
426 2835 500 2895 adeo
523 2837 620 2896 saeris
638 2836 753 2897 inbutus
771 2837 915 2898 amonbus
938 2837 1022 2898 aulae

281 2917 419 2979 Indicium
441 2920 649 2998 specimenque
670 2922 714 2980 sui
735 2920 814 2981 iubet
835 2923 902 2999 igne
923 2937 1061 3000 supremo

282 3003 388 3064 Arceri
406 3002 539 3080 Danaos,
558 3004 693 3083 nudoque
714 3004 767 3065 sub
788 3023 845 3066 exe
863 3006 988 3084 relinqui

280 3087 386 3149 Infelix
407 3087 517 3148 bellum
538 3098 568 3147 et
587 3090 686 3149 tristes
707 3092 769 3149 siue
791 3090 911 3152 sedibus
931 3088 1056 3151 umbras.

345 3171 415 3235 blox
433 3172 571 3233 reducem
591 3171 723 3251 Ogygiae
744 3192 921 3253 congressus
941 3175 1036 3236 limine
1056 3182 1158 3254 portae
1222 3182 1274 3238 666

282 3256 455 3337 Oedipoden
472 3259 562 3317 timuit
586 3258 716 3337 paulum,
741 3279 869 3340 seseque
890 3261 1029 3320 minorem

283 3339 443 3402 Confessus
465 3343 552 3402 tacite
574 3353 794 3423 promptamque
818 3346 949 3405 coercuit
969 3345 1050 3406 iram.

276 3426 342 3489 ‚Sed
363 3428 438 3487 redit
458 3426 487 3486 iu
508 3445 609 3504 regem
628 3446 806 3508 caecumque
828 3429 979 3490 audentius
999 3429 1113 3490 hostem

278 3510 460 3590 Increpitans
480 3511 621 3588 ‘Procul,
641 3513 748 3592 inquit,
771 3513 818 3574 abi
835 3514 995 3575 victoribus
1014 3532 1100 3576 omen

279 3595 421 3673 Invisum,
445 3604 475 3656 et
494 3595 584 3657 furias
605 3606 706 3658 averte
729 3616 764 3658 ac
786 3599 900 3660 moenia
922 3598 1012 3660 lustra
1223 3604 1275 3661 670

278 3680 421 3741 Discessu
444 3680 582 3742 Thebana
601 3691 667 3743 tuo:
686 3701 756 3762 spes
778 3683 866 3761 longa
884 3692 1003 3761 peracta
1024 3692 1078 3744 est.

276 3764 379 3843 Vade,
400 3767 496 3828 iacent
512 3767 586 3836 nati;
608 3784 684 3846 quae
705 3769 762 3829 iam
778 3769 835 3831 tibi
848 3777 925 3830 rota
939 3763 1136 3848 supereumb‘
