3134 4434
318 417 358 477 54
661 429 694 477 Ρ.
718 428 852 479 ΡΔΡΙΝΙῙ
873 427 989 479 sanun

319 586 456 647 Fatorum
476 602 550 663 gens
571 593 671 646 nostra
692 584 766 662 mit,
789 585 924 647 Sidonius
946 604 985 647 ex
1007 604 1065 667 quo
1280 598 1329 654 180

318 671 436 750 Hospes
457 671 487 732 in
507 667 620 730 Aonios
641 671 711 731 ioeit
731 679 793 731 sata
811 670 909 732 ferrea
931 672 1041 748 sulcos,

319 755 403 817 Unde
424 755 492 815 novi
513 754 611 816 ioetus
632 763 662 816 et
682 755 835 816 lormidata
858 756 971 816 colonis

319 841 399 901 Arva
419 841 489 900 suis.
530 839 591 901 Sed
611 857 668 900 neo
688 840 798 900 veteris
821 857 907 919 quum
928 841 1010 919 regia
1032 838 1131 903 Cadmi

319 925 499 986 Fulmineum
520 925 548 984 in
570 925 697 984 sinerem
718 924 834 1007 monitis
856 924 973 986 lunonis
995 925 1111 1005 iniquae

321 1009 477 1087 Consedit,
500 1026 598 1088 neque
614 1009 735 1070 funerea
758 1027 845 1089 quum
864 1008 950 1070 lande
972 1011 1081 1089 potitus
1280 1022 1331 1076 185

319 1096 427 1159 Infelix
444 1095 582 1156 Athamas
602 1093 718 1173 trepido
738 1093 775 1155 ue
797 1102 895 1155 moute
914 1096 1040 1170 veniret,

319 1157 601 1244 Semianim‘e‘m'ben
618 1178 698 1239 laeto
719 1178 854 1240 referens
875 1179 1005 1241 elamore
1026 1179 1205 1248 Learchum

319 1267 374 1328 Hie
395 1265 519 1344 gemitus
541 1262 668 1341 Thebis,
688 1280 745 1324 neo
765 1273 898 1343 ternpore
918 1265 1026 1325 clarius
1045 1263 1096 1325 illo

318 1352 646 1419 Phoenissaesonuere
667 1347 788 1424 domus,
811 1367 897 1429 quum
918 1349 996 1410 lassa
1017 1347 1146 1410 furorem

319 1436 397 1496 Vicit
420 1443 450 1495 et
472 1433 508 1495 ad
531 1434 666 1494 comitum
689 1433 824 1494 lacrimas
845 1435 964 1513 expavit
986 1433 1101 1512 Agave.
1276 1443 1330 1500 190

318 1521 382 1581 Una
404 1520 467 1580 dies
488 1518 589 1579 similis
608 1517 670 1579 iato
692 1520 854 1597 speeieque
873 1518 1013 1579 malorum

319 1606 424 1684 Aequa
444 1603 517 1680 fuit,
541 1620 597 1682 qua
618 1603 822 1682 magniloquos
841 1602 894 1664 luit
914 1604 993 1684 inpia
1014 1602 1098 1663 flatus

321 1689 466 1766 Tantalis,
488 1688 644 1748 innumeris
667 1705 752 1766 quum
773 1687 946 1749 eireumiusa
967 1688 1056 1749 ruinis

320 1774 454 1852 Corpora
475 1782 518 1833 tot
538 1780 658 1851 raperet
674 1781 768 1849 terra,
791 1781 835 1833 tot
852 1782 1007 1851 quaereret
1028 1774 1123 1850 ignes.

385 1857 464 1919 Talis
487 1865 549 1918 erat
569 1856 650 1934 vulgi
671 1865 778 1934 status,
802 1865 832 1918 et
854 1859 897 1918 sio
919 1857 993 1918 urbe
1015 1858 1119 1918 relicta
1276 1869 1327 1925 195

318 1944 519 2022 Primaevique
542 1959 629 2003 senes
651 1950 682 2003 et
701 1941 792 2020 longo
814 1942 948 2003 examine
969 1951 1076 2004 matres

319 2028 458 2090 Invidiam
479 2027 622 2108 planxere
643 2026 726 2104 deis,
744 2029 912 2107 miseroque
932 2027 1053 2088 tumultu

318 2114 389 2174 Bina
413 2132 467 2192 per
487 2113 622 2191 ingentes
641 2111 787 2193 stipabant
807 2112 910 2174 lunera
931 2122 1043 2191 portas.

318 2199 425 2278 Meque
442 2199 537 2277 ipsum
558 2196 674 2257 memini
695 2197 875 2259 -neorlum
896 2207 963 2278 apta
985 2195 1135 2259 doloribus
1158 2204 1240 2258 aetas
1261 2232 1304 2243 -

319 2284 424 2345 Flesse
445 2292 542 2343 tamen
562 2283 730 2361 gemituque
750 2299 833 2343 meos
854 2300 999 2361 aequasse
1019 2291 1167 2361 parentes.
1272 2293 1327 2349 200

318 2370 373 2431 Illa
393 2378 489 2428 tamen
509 2369 618 2445 superi.
662 2365 727 2428 Neo
752 2366 830 2446 qnod
851 2365 922 2442 tibi,
943 2366 1048 2444 Delia,
1070 2375 1170 2427 castos

318 2453 491 2531 Prolaqueum
513 2451 549 2511 ad
570 2450 684 2527 fontes,
706 2450 830 2530 sperula
849 2459 1009 2512 temerante
1030 2451 1164 2529 profana,

319 2538 383 2599 Heu
406 2537 549 2596 dominum
571 2535 664 2595 insani
685 2553 743 2595 non
764 2550 914 2612 agnovere
936 2533 1070 2611 Molossi,

319 2621 460 2682 Deilerim
481 2619 591 2698 magis,
611 2628 660 2680 aut
678 2636 767 2680 verso
788 2618 867 2698 quod
886 2620 1025 2697 sanguine
1047 2619 1130 2681 lluxit

319 2708 353 2768 ln
374 2704 486 2766 subitos
505 2705 607 2782 regina
628 2703 726 2766 lasus:
746 2702 790 2765 sio
808 2703 870 2765 tlira
891 2721 1025 2765 sororum
1271 2720 1324 2774 205

319 2792 414 2853 Pensa
436 2789 541 2853 dabant
562 2790 713 2868 visumque
735 2788 809 2850 lovi.
852 2786 936 2850 Nune
957 2790 1036 2868 regis
1055 2791 1144 2870 iniqui

320 2876 366 2937 Ob
387 2893 492 2937 noxam
512 2875 664 2936 inmeritos
684 2875 796 2955 patriae
819 2883 863 2935 tot
884 2875 1007 2936 eulmina
1030 2877 1111 2936 aives

319 2960 474 3037 Eruimus,
497 2979 553 3022 neo
575 2960 669 3021 adbuc
694 2958 799 3021 ealeati
820 2959 950 3021 loederis
970 2960 1071 3038 Argos

319 3046 407 3107 Fama
426 3045 519 3122 subit,
541 3046 648 3106 etiam
669 3044 814 3106 bellorum
837 3053 968 3106 extrema
986 3044 1127 3105 dolemus.

320 3130 451 3204 Quantus
474 3131 558 3209 equis
581 3138 763 3209 quantusque
786 3130 857 3190 viris
877 3131 906 3190 in
927 3129 1050 3209 puluere
1071 3146 1172 3190 crasso
1270 3147 1324 3200 210

319 3214 429 3275 Sudor!
451 3215 480 3275 io
503 3215 600 3294 quanti
623 3213 743 3275 crudele
764 3213 907 3275 rubebitis
928 3214 1042 3277 amnes!

319 3298 432 3360 Viderit
453 3299 527 3361 haee
549 3297 629 3360 bello
652 3299 752 3360 viridis
772 3315 889 3360 manus:
913 3308 958 3360 ast
981 3316 1040 3377 ego
1063 3299 1155 3361 doner

319 3383 394 3444 Dnm
414 3383 484 3444 lieet
506 3385 573 3461 igue
595 3401 662 3445 meo
683 3392 820 3462 terraque
838 3384 981 3444 insternar
1001 3383 1110 3445 avitai'

384 3467 465 3529 Haeo
486 3469 601 3545 senior,
624 3467 800 3547 multumque
822 3468 905 3529 ueias
925 3466 1057 3529 Eteoclis
1080 3468 1210 3548 acerbat,

320 3551 701 3633 Crudeleminiandumque
722 3571 832 3615 vorsus
855 3568 1032 3632 poenasque«
1047 3553 1188 3616 datorum.
1269 3570 1324 3622 215

319 3639 403 3699 Unde
426 3658 461 3700 ea
483 3636 627 3700 libertast
649 3640 727 3699 iuxta
745 3637 788 3699 illi
809 3637 873 3699 linis
895 3645 925 3697 et
946 3647 1026 3699 aetas

319 3722 394 3785 Tota
415 3733 495 3786 retro
515 3741 660 3805 seraeque
682 3723 754 3785 velit
775 3720 866 3790 denus
885 3720 994 3784 addere
1016 3724 1110 3784 morti.
