3134 4434
621 376 799 428 SILVARUH
817 378 850 428 L.
866 378 913 429 IV.

209 562 211 573 ·
262 532 331 594 Non
354 544 452 593 sermo
472 531 605 611 Poenus,
627 550 686 594 non
706 530 825 596 habitus
843 533 907 610 tibi,

209 684 221 699 „
263 616 395 679 Externa
415 634 473 678 non
491 635 590 695 mens,
609 616 715 695 Italus,
734 617 835 680 ltalus.

305 703 379 763 Sunt
396 702 469 762 urbe
491 702 688 783 Romanisque
709 705 821 779 turmis,

349 785 405 860 oui
425 786 545 864 Libyam
562 788 687 849 deceant
706 785 833 848 alumni?

261 911 316 974 Est
338 922 370 974 et
391 913 526 974 frementi
544 930 604 974 vox
624 913 724 977 hilaris
743 906 821 992 loro,

261 996 376 1059 Venale
399 998 453 1059 sed
473 1015 531 1059 non
549 998 697 1078 eloquium
718 999 786 1069 tibi;

302 1082 452 1162 Ensisque
471 1083 574 1160 vagina
596 1085 731 1162 quiescit,

347 1169 498 1246 stringere
519 1169 549 1228 ni
566 1167 685 1231 iubeant
705 1168 797 1229 amici.

263 1294 324 1355 Sed
347 1310 415 1354 rura
435 1294 517 1354 cordi
539 1295 659 1373 saepius
680 1302 710 1354 et
728 1294 822 1372 quies,

262 1377 346 1440 Nunc
367 1379 398 1439 in
419 1378 547 1457 paternis
570 1378 690 1439 sedibus
712 1388 742 1438 et
762 1377 829 1438 solo

303 1461 448 1540 Veiente,
470 1480 547 1522 nunc
568 1464 709 1524 frondosa
730 1479 818 1541 supra

344 1547 488 1625 Hernica,
512 1566 587 1608 nuuc
609 1544 734 1608 Curibus
753 1546 889 1607 vetustis.

257 1673 311 1735 llic
333 1673 419 1753 plura
438 1690 531 1750 pones
546 1669 670 1741 vocibus
690 1682 720 1733 et
735 1673 829 1734 modis

209 1806 212 1811 .
258 1757 352 1819 Passu
375 1757 496 1834 solutiS,
519 1759 572 1819 sed
593 1775 705 1819 memor
725 1758 839 1819 interim

299 1841 404 1904 Nostri
422 1844 591 1904 verecundo
611 1843 750 1904 latentem

343 1926 482 1990 Barbiton
502 1928 662 2006 ingeminas
683 1926 737 1987 sub
760 1935 853 1987 antro.

301 2107 350 2159 VI·
376 2103 575 2156 HEROULES
603 2105 880 2157 EPITRAPEZIOS
909 2105 1018 2158 NOVII
1039 2105 1219 2157 VINDICIS.

322 2223 413 2284 Eorte
435 2222 628 2283 remittentem
649 2241 736 2284 curus
757 2221 938 2303 Phoeboque
960 2224 1086 2284 levatum

257 2308 401 2383 Pectora,
425 2325 510 2387 quum
531 2308 638 2386 patulis
659 2318 788 2369 tererem
808 2325 901 2386 vagus
924 2310 982 2369 otia
1001 2311 1095 2389 septis

255 2392 316 2456 lam
338 2393 481 2453 moriente
504 2392 569 2469 die,
591 2395 688 2473 rapuit
706 2411 753 2454 rue
776 2409 870 2454 coena
891 2393 1009 2472 benigni
1053 2397 1056 2401 ’

255 2477 399 2538 Vindicis.
439 2477 521 2537 Haec
538 2478 612 2538 imos
635 2479 720 2538 animi
741 2478 881 2558 perlapsa
898 2496 1037 2541 recessus

255 2561 463 2641 Inconsumpta
485 2572 591 2623 manet
628 2561 734 2643 Neque
755 2565 830 2623 eninr
853 2564 975 2626 ludibria
996 2565 1107 2624 ventus
1242 2574 1259 2626 5

255 2646 410 2708 Hausimus
432 2655 480 2706 aut
501 2648 604 2726 epulas
624 2648 742 2708 diverso
765 2667 783 2709 e
804 2647 869 2708 sole
891 2651 999 2727 petitas

254 2731 391 2811 Vinaque
411 2733 563 2810 perpetuis
583 2750 657 2793 aeuo
677 2735 815 2794 certantia
833 2732 926 2794 lastis.

254 2816 304 2877 Ah
326 2815 441 2875 miseri!
468 2833 542 2895 quoe
562 2834 652 2878 nesse
673 2819 766 2894 iuvat,
787 2816 857 2896 quid
876 2815 1007 2878 Phasidis
1029 2816 1092 2876 ales

252 2899 353 2961 Distet
371 2899 407 2960 ab
428 2899 550 2962 hiberna
570 2900 732 2982 Rhodopes
753 2919 844 2979 grue,
868 2903 933 2978 quis
954 2902 1049 2978 magis
1066 2918 1152 2962 anser

253 2985 333 3047 Exta
353 2985 446 3061 ierat,
470 3003 522 3045 cur
544 2986 656 3046 Tuscus
677 3003 749 3065 aper
766 2986 943 3064 generosior
963 2984 1085 3064 Umbro,
1225 2997 1259 3049 lo

252 3069 381 3130 Lubrica
403 3087 459 3149 qua
479 3071 623 3130 recubent
644 3069 798 3146 conchylia
820 3068 938 3130 mollius
956 3071 1034 3148 alga.

252 3153 349 3215 Nobis
370 3172 461 3214 verus
481 3172 563 3216 arnor
581 3156 737 3234 medioque
757 3154 902 3216 Helieone
922 3156 1031 3237 petitus

253 3240 360 3299 Sermo
381 3239 550 3318 hilaresque
571 3242 630 3302 ioci
650 3239 809 3301 brumalem
826 3240 980 3302 absumere
1000 3251 1116 3303 noctem

253 3324 417 3383 Suasemnt
437 3324 613 3404 mollemque
635 3325 730 3385 oculis
747 3325 901 3405 expellere
924 3344 1063 3404 somnum,

253 3406 360 3468 Donec
379 3407 415 3469 ab
433 3407 544 3484 Elysiis
562 3412 717 3490 prospexit
737 3406 857 3471 sedibus
879 3410 955 3472 alter
1222 3423 1256 3474 15

254 3489 362 3554 Castor
384 3502 414 3553 et
436 3493 591 3554 hesternas
609 3496 674 3556 risit
695 3494 832 3557 Tithonia·
848 3514 971 3557 mensas.

317 3575 342 3638 0
365 3577 443 3639 bona
463 3578 537 3639 nox!
559 3581 714 3659 iunctaque
733 3583 842 3642 utinam
863 3580 1012 3658 Tirynthia
1031 3581 1113 3641 luna!

250 3659 318 3723 Nou
341 3672 371 3723 et
395 3662 577 3740 Erythraeae
600 3664 731 3727 Thetidis
751 3661 895 3746 signanda
912 3666 1021 3747 lapillis
