3134 4434
226 517 228 521 ι
322 440 382 502 150
488 472 491 477 <
653 448 687 499 e.
709 450 989 526 rnrrurrsrsru.

319 608 434 669 Gestari
441 653 450 689 ,
473 616 521 668 aut
540 604 654 669 timidos
673 624 777 689 passus
797 624 843 668 me
855 608 988 688 cuspide
1009 608 1107 670 dames

319 695 476 769 Sternere,
499 692 553 753 sed
573 691 673 752 tristes
694 691 814 752 turbare
836 690 980 753 cubilibus
1001 711 1085 754 ursas
1267 748 1271 757 ,

318 776 543 856 Fulmineosquc
564 777 659 852 sues,
673 785 703 836 et
724 776 818 837 sicubi
836 778 958 839 maxima
977 779 1061 856 tigris
1188 780 1191 785 ’
1270 789 1325 845 410

320 862 378 922 Aut
399 861 520 922 seducta
541 862 616 939 iugis
634 861 734 922 loetae
754 861 897 940 spelunca
918 862 1050 924 leaenae.

318 946 388 1027 lpse
410 947 515 1006 sedens
536 954 621 1006 vasto
645 944 724 1006 iacta
745 945 921 1026 expectabat
941 947 976 1007 ab
998 956 1095 1021 antro,

220 1066 230 1075 ·
319 1030 350 1092 Si
371 1049 492 1111 sparsus
509 1046 613 1108 magno
634 1046 798 1099 remearem
815 1031 971 1108 sanguine;
991 1049 1046 1091 nec
1068 1050 1115 1093 me

319 1117 396 1177 Ante
420 1116 473 1174 nisi
494 1115 636 1195 inspectis
658 1114 774 1176 admisit
792 1114 829 1175 ad
848 1114 955 1176 oscula
972 1116 1054 1186 telis.

318 1200 437 1279 lamque
459 1208 488 1259 et
508 1198 545 1260 a'd
567 1196 712 1260 ensiferos
731 1199 827 1259 vicina
839 1197 927 1279 pube
950 1201 1088 1261 turnultus
1270 1213 1323 1266 415

225 1330 227 1337 .
319 1284 466 1363 Aptabar,
489 1301 546 1343 uec
565 1301 612 1342 me
633 1283 694 1343 ulla
715 1282 772 1343 ieri
790 1280 929 1344 Mavortis
948 1286 1044 1363 imago

318 1369 482 1448 Praeteriit.
527 1368 640 1445 Didici,
664 1384 723 1446 quo
742 1367 878 1428 Paeones
899 1387 978 1429 arma
999 1379 1105 1445 rotatu,

320 1451 386 1526 Quo
405 1451 538 1515 Macetae
560 1470 614 1514 sua
634 1470 707 1530 gesa
729 1451 835 1530 citent,
857 1470 914 1532 quo
938 1453 1059 1515 turbine
1075 1464 1190 1517 contum

319 1539 507 1599 Sauromates
527 1537 693 1616 falcemque
716 1534 808 1597 Getes
822 1554 982 1617 arcumque
1002 1537 1131 1600 Gelonus

319 1621 482 1699 Tenderet,
507 1632 536 1683 et
556 1621 652 1682 flexae
672 1620 843 1681 Balearicus
865 1631 948 1683 actor
970 1622 1104 1684 habenae
1271 1632 1325 1687 420

320 1705 385 1780 Quo
407 1724 550 1786 suspensa
571 1705 690 1766 trahens
710 1704 972 1768 libraretvulnera
991 1706 1078 1784 tortu,

319 1790 465 1851 inclusum
489 1792 623 1870 quotiens
645 1790 836 1868 distringeret
856 1809 924 1853 aera
945 1810 1031 1870 gyro.

317 1875 377 1935 Vix
398 1893 556 1936 memorem
579 1873 716 1950 cunctos,
740 1875 796 1935 etsi
810 1877 906 1936 modo
928 1879 1089 1955 gessimus,
1112 1887 1204 1938 actus.

318 1959 402 2020 Nunc
421 1960 510 2020 docet
530 1960 640 2037 ingenti
663 1958 737 2019 saltu
759 1976 806 2018 me
828 1961 950 2038 iungere
969 1960 1077 2038 fossas,

215 2047 219 2056 “
317 2043 401 2104 Nunc
421 2054 507 2123 caput
528 2045 600 2106 aerii
618 2043 819 2104 scandentem.
828 2046 974 2125 prendere
994 2048 1109 2122 montis,
1270 2057 1323 2111 425

320 2128 385 2202 Quo
407 2129 515 2206 fugitur
535 2147 590 2208 per
609 2128 696 2208 plana
716 2128 836 2206 gradu,
848 2131 1062 2210 simulacraque
1081 2149 1207 2210 pugnae,

318 2211 466 2292 Excipere
488 2215 623 2273 inmissos
645 2222 764 2284 curuato
787 2213 913 2275 umbone
934 2215 1063 2275 molares

318 2299 524 2377 Ardentesque
545 2299 654 2358 intrare
678 2315 761 2357 casas
785 2299 973 2379 peditemque
995 2301 1129 2361 volantes

319 2383 430 2443 Sistere
454 2383 652 2461 quadriiugos.
695 2381 1047 2462 Memini,·rapidissimus
1069 2385 1130 2445 ibat

318 2466 462 2527 Imbribus
483 2467 608 2526 assiduis
631 2474 731 2544 pastus
754 2467 927 2547 nivibusque
950 2469 1054 2529 solutis
1270 2480 1324 2535 030

319 2544 479 2629 Sperchios
500 2550 658 2629 vulsasque
681 2549 785 2615 trabes
803 2560 833 2612 et
854 2569 924 2612 sana
946 2553 1071 2630 ferebat,

318 2633 412 2708 Quum
433 2654 479 2694 me
502 2634 552 2695 ille
576 2634 739 2709 inmissum,
763 2653 819 2714 qus
843 2639 961 2697 saevior
983 2640 1099 2717 inpetus
1121 2640 1225 2714 undae,

318 2721 403 2780 Stare
421 2719 502 2780 iubet
522 2729 622 2780 contra
643 2719 825 2798 tumidosque
846 2721 998 2800 repellere
1018 2724 1133 2800 tinctus,

319 2803 401 2878 Quos
422 2807 472 2864 rix
492 2806 556 2884 ipse
579 2802 671 2883 gradu
694 2805 802 2864 totiens
825 2805 959 2867 obstante
981 2807 1104 2867 tulisset.

318 2890 434 2950 Stabam
458 2890 609 2969 equidem,
630 2907 688 2949 noc
707 2906 754 2948 me
775 2890 926 2951 referebat
947 2893 1079 2952 concitus
1103 2896 1192 2955 amnis
1269 2906 1321 2960 435

316 2972 356 3035 Et
376 2975 452 3035 latae
473 2974 569 3053 caligo
590 2975 667 3035 viae.
711 2972 805 3035 Ferus
827 2976 879 3036 ille
900 2977 1001 3038 minari

316 3057 454 3137 Desuper
472 3058 641 3119 incumbens
660 3058 819 3138 verbisque
842 3080 949 3139 urgere
970 3061 1121 3140 pudorem.

316 3140 381 3202 Nec
399 3144 453 3203 nisi
478 3145 572 3203 iussus
591 3144 660 3204 abii.
704 3145 819 3205 Sicine
838 3146 968 3205 sublimis
991 3145 1099 3223 agebat

318 3226 435 3303 Gloria,
459 3228 595 3288 necduri
617 3237 696 3288 tanto
717 3228 771 3288 sub
791 3238 868 3290 teste
890 3230 1019 3290 labores.

317 3309 391 3372 Nam
415 3312 519 3390 procul
539 3310 678 3372 Oebalios
701 3314 730 3372 iu
750 3313 847 3374 nubila
870 3315 999 3375 condere
1021 3315 1120 3375 discos
1269 3329 1322 3382 440

318 3394 357 3456 Et
377 3397 515 3476 liquidam
536 3397 645 3458 nodare
668 3396 758 3458 Palen
780 3408 811 3459 et
829 3416 973 3478 spargere
1000 3410 1126 3476 caestuS,

316 3481 412 3542 Ludus
432 3492 494 3542 erat
514 3483 692 3561 requiesque
714 3483 801 3553 mihi;
824 3486 881 3544 nec
899 3486 991 3544 maior
1014 3487 1042 3543 in
1064 3486 1126 3544 istis

317 3566 429 3644 Sudor,
448 3566 607 3647 Apollineo
626 3585 711 3648 quam
732 3569 780 3629 illa
803 3571 934 3631 sonantis
955 3570 1071 3650 plectro

317 3649 410 3723 Quum
433 3661 584 3732 quaterem
605 3655 779 3732 priscosque
802 3655 894 3714 uirum
912 3657 1033 3715 mirarer
1054 3655 1194 3716 bonores.

311 3733 390 3804 Quin
410 3739 498 3799 etiam
514 3753 623 3804 succos
644 3746 740 3819 atque.
752 3740 920 3813 auxiliantia
940 3741 1050 3801 morbis
1252 3752 1321 3804 045
