3134 4434
319 422 358 484 78
421 469 425 475 -
654 433 687 483 Ρ.
709 432 845 482 PAPINII
867 432 983 483 suurn

317 589 458 669 Mirabar,
483 607 534 651 cnr
555 588 664 669 templa
684 587 753 650 milri
773 589 927 651 tremuisse
948 587 1059 650 Dianae

318 676 420 756 Nuper
442 684 471 736 et
492 674 614 735 inferior
636 673 717 735 vultu
738 673 794 736 dea
814 675 894 751 uisa,
917 675 1069 753 sacrisque

318 760 451 821 Enuuiae
472 759 609 821 cecidere
631 757 735 820 tlrolis:
757 758 826 818 binc
848 761 968 837 segnior
988 776 1074 820 arcus

317 844 523 925 Difficilesque
542 861 660 920 manus,
683 852 714 904 et
733 842 815 904 nullo
836 843 865 902 in
882 843 1004 904 vulnere
1026 852 1135 904 certae.

318 929 470 1010 Expecta,
493 928 559 990 dum
581 929 673 990 maior
689 927 801 1005 bonos,
824 927 890 989 dum
915 929 1022 988 firmius
1044 946 1158 1004 aevum,
1216 935 1219 941 '
1274 942 1322 997 335

317 1014 391 1075 Dum
413 1015 508 1074 roseis
524 1013 605 1074 venit
625 1011 725 1074 umbra
745 1013 830 1091 genis
850 1013 1005 1092 vultusque
1025 1012 1168 1074 recedunt

319 1098 378 1159 Ore
398 1099 469 1169 mei;
492 1107 560 1160 tunc
581 1096 660 1159 bella
679 1097 730 1157 tibi
749 1097 934 1177 ferrumque,
954 1097 1032 1177 quod
1054 1097 1151 1174 ardes,

317 1182 385 1260 lpse
407 1182 500 1258 dabo,
522 1191 552 1243 et
572 1182 652 1243 nullo
674 1181 773 1243 matris
792 1182 974 1243 revocabere
995 1181 1074 1246 lietu.

318 1267 400 1328 Nunc
420 1267 500 1328 reier
522 1285 598 1329 arma
621 1267 752 1344 donnum,
780 1276 953 1327 vosautem
975 1266 1051 1327 hunc
1071 1268 1115 1327 ire
1139 1267 1257 1347 sinetis,

318 1352 469 1430 Arcades,
493 1369 510 1412 o
533 1352 611 1413 sanis
632 1352 762 1411 nimirum
781 1360 811 1412 et
830 1350 939 1412 robore
960 1351 1051 1412 nati!'
1271 1364 1322 1422 340

383 1436 468 1498 Plura
493 1437 586 1516 cupit;
609 1435 665 1498 fusi
687 1436 804 1503 circum.
816 1445 958 1516 natusque
981 1436 1130 1515 ducesque

320 1522 457 1586 solantur
476 1523 661 1601 minuuntque
683 1528 792 1598 metus,
816 1529 846 1581 et
862 1522 918 1581 iam
939 1520 1056 1582 horrida
1075 1520 1215 1601 clangunt

319 1609 409 1685 Signa
430 1605 527 1667 tubae.
569 1604 678 1685 Nequit
699 1603 748 1665 illa
771 1605 820 1685 pio
842 1605 987 1667 dimittere
1008 1615 1104 1666 natum

321 1689 500 1770 complexu,
522 1690 697 1770 multumque
719 1689 786 1750 duci
808 1689 988 1751 commendat
1006 1690 1143 1752 Adrasto.

383 1775 423 1835 At
445 1784 529 1855 parte
551 1775 665 1837 exalia
686 1772 786 1836 Cadmi
807 1773 949 1836 Mavortia
971 1774 1087 1854 plebes,
1269 1789 1320 1845 345

320 1859 434 1920 bloesta
455 1859 537 1921 ducis
558 1859 657 1936 iuriis,
679 1876 735 1919 nec
756 1858 829 1920 belli
850 1860 951 1921 territa
973 1859 1059 1936 lama,

320 1979 363 1992 -
383 1942 504 2019 Quando
526 1944 571 2006 his
587 1944 736 2023 uulgatum
757 1943 940 2006 descendere
962 1944 1072 2004 viribus
1093 1945 1211 2024 Argos,
1235 1981 1281 1996 -

322 2028 443 2090 Tardius
465 2028 515 2090 illa
537 2030 670 2110 quidem,
689 2029 770 2107 regis
793 2047 958 2109 causaeque
980 2029 1104 2109 pudore,

320 2114 428 2175 Verum
448 2113 527 2176 bella
549 2125 657 2177 movet.
702 2112 783 2175 Nulli
804 2113 987 2192 destringere
1010 2114 1118 2175 ferrum

318 2200 454 2279 Iapetus,
477 2210 525 2262 aut
545 2200 682 2262 humeros
705 2199 803 2279 clipeo
824 2199 965 2261 clausisse
985 2208 1106 2279 paterno
1270 2213 1323 2268 350

319 2284 414 2346 Dulce
435 2303 491 2344 nec
515 2285 659 2365 alipedum
680 2286 748 2363 iuga
769 2301 904 2362 cornere,
924 2284 1019 2363 qualia
1040 2282 1112 2345 belli

323 2369 448 2438 Gaudia;
468 2368 575 2431 deiecti
595 2369 725 2449 trepidas
746 2368 810 2430 sine
831 2378 946 2445 mente,
971 2370 1032 2429 sine
1051 2371 1095 2430 ira

322 2453 486 2514 Promisere
507 2472 622 2523 manus;
643 2453 692 2515 hic
712 2471 803 2531 aegra
824 2453 954 2523 insonte
974 2463 1124 2532 parentem

319 2537 506 2614 Unanimum‚
525 2536 573 2598 bic
596 2537 699 2599 dulces
717 2536 884 2617 primaevae
907 2538 1039 2616 coniugis
1061 2553 1151 2599 annos

320 2621 457 2699 Ingemit,
479 2631 508 2682 et
529 2622 642 2700 gremio
663 2621 788 2681 miseros
809 2638 985 2683 accrescere
1003 2631 1097 2684 natos.
1267 2635 1319 2690 355

319 2706 451 2767 bellator
472 2707 543 2768 nulli
564 2706 652 2768 caluit
673 2705 760 2775 deus;
780 2706 845 2786 ipsa
866 2715 982 2767 vetusto
1281 2723 1285 2731 ·

319 2791 434 2853 bloenia
457 2790 534 2853 lassa
552 2793 609 2853 situ
625 2808 807 2870 magnaeque
826 2790 997 2871 Amphionis
1019 2810 1103 2853 arces

319 2877 378 2938 lam
399 2876 508 2938 fessum
523 2878 606 2938 senio
624 2876 731 2938 nudant
748 2875 841 2955 latus,
866 2885 896 2937 ct
918 2877 975 2938 lide
994 2895 1078 2938 sacra

321 2962 473 3041 Aequatos
496 2961 599 3038 coelo,
620 2961 737 3023 surdum
758 2970 846 3041 atque
866 2961 1014 3041 ignobile,
1036 2980 1133 3022 muros

322 3045 429 3107 Firmat
453 3065 537 3128 opus.
581 3046 689 3108 Tamen
707 3055 737 3107 et
757 3045 878 3108 Boeotis
899 3045 1019 3108 urbibus
1040 3046 1127 3108 ultrix
1269 3058 1323 3114 360

320 3130 459 3211 Adspirat
479 3133 549 3194 ferri
569 3131 684 3209 rabies,
702 3149 760 3193 nec
781 3132 862 3211 regis
886 3132 976 3212 iniqui

321 3214 474 3294 Subsidio,
497 3225 633 3297 quantum
654 3217 736 3277 socia
758 3234 813 3296 pro
831 3225 919 3296 gente
941 3226 1101 3277 moventur.

379 3300 434 3361 llle
455 3301 537 3362 velut
554 3301 673 3381 pecoris
694 3300 780 3381 lupus
805 3310 988 3381 expugnator
1009 3303 1107 3382 opimi,

320 3385 444 3446 Pectora
462 3384 571 3447 tabenti
593 3385 674 3446 sanie
694 3387 794 3465 gravis
815 3386 946 3466 hirtaque
967 3387 1039 3447 setis

321 3469 379 3531 Ora
399 3478 547 3532 cruentata
568 3469 708 3531 deformis
726 3470 832 3533 hiantia
850 3470 926 3546 lana,

320 3553 447 3615 Decedit
467 3554 607 3633 stabulis,
629 3555 686 3617 huc
705 3554 775 3616 illuc
796 3554 909 3616 turbida
931 3571 1052 3615 versans

320 3639 454 3718 Lumina,
484 3641 509 3700 si
530 3640 593 3702 duri
615 3649 764 3720 comperta
786 3638 871 3701 clade
893 3648 1050 3720 sequantur

321 3724 473 3804 Pastores‚
495 3725 649 3807 magnique
667 3724 740 3806 fugit
758 3742 816 3787 non
834 3724 942 3786 inscius
963 3726 1035 3786 ausi.
