3134 4434
568 465 769 518 THEBAIDOS
796 468 867 517 LIB.
890 466 942 517 111.

256 624 316 686 Sed
339 622 449 685 similes
469 641 528 685 non
546 633 613 685 ante
633 633 728 685 metus
750 632 799 686 ant
821 633 899 685 astra
919 624 1017 685 notavi
1065 656 1068 661 ·

255 709 429 787 Prodigiosa
450 711 560 787 magis,
584 727 755 789 quamquam
776 710 885 770 maiora
907 718 1054 788 parantur.
1073 744 1077 751 ·

254 794 319 855 Huc
338 794 459 855 adverte
481 796 619 866 animum3
643 793 722 856 clara
743 795 867 871 regione
889 794 1027 874 profundi

220 918 222 924 .
255 878 405 942 Aethercs
426 879 566 939 innumeri
588 887 749 940 statuerunt
768 879 881 956 agmina
904 879 1002 956 cygni,
1207 888 1257 944 525

255 966 327 1025 Sive
345 963 401 1023 hos
423 965 587 1040 Strymonia
604 962 716 1024 Boreas
737 963 826 1024 eiecit
848 961 885 1023 ab
907 963 1012 1040 Arcto,

256 1050 317 1110 Seu
338 1044 483 1109 foecunda
504 1048 597 1109 reiert
613 1047 722 1127 placidi
745 1048 899 1109 clementia
919 1047 988 1107 Nili.

255 1133 394 1194 Fixerunt
416 1151 534 1208 cursus,
557 1133 613 1194 hac
634 1151 702 1193 rere
724 1133 753 1192 in
774 1133 898 1210 imagine
919 1131 1046 1192 Thebas.

253 1217 327 1278 Nam
349 1236 417 1278 sese
438 1218 536 1278 inmoti
563 1214 749 1296 gyro'atque
768 1218 798 1276 in
818 1234 894 1296 pace
916 1217 1056 1281 silentes·

256 1301 320 1363 Ceu
340 1303 427 1362 muris
448 1302 587 1383 valloque
606 1311 715 1363 tenent.
759 1302 820 1362 Sed
837 1300 944 1362 fortior
965 1320 1039 1362 ecoe

256 1387 403 1449 Adventat
424 1388 580 1467 perinane
602 1386 725 1455 cohors;
749 1395 863 1466 septem
886 1386 987 1448 ordine
1007 1385 1089 1447 fulvo

254 1472 429 1552 Armigeros
451 1473 551 1531 summi
576 1471 655 1533 loris
677 1471 826 1532 exultante
848 1480 967 1532 caterva

254 1557 370 1633 lutum,
393 1556 501 1617 Inachii
524 1566 589 1617 sunt
611 1556 640 1617 hi
660 1556 728 1633 tibi,
747 1557 886 1635 concipe,
909 1573 1009 1633 reges.

253 1641 394 1703 Invasere
416 1640 537 1718 globum
555 1642 632 1702 nivei
653 1640 779 1720 gregis,·
794 1659 926 1720 uncaque
948 1639 1075 1720 pandunt

256 1726 403 1788 Gaedibus
427 1744 477 1787 cra
497 1729 581 1786 novis
604 1737 633 1787 ct
652 1726 760 1786 strictis
780 1725 922 1804 unguibus
943 1727 1058 1786 instant.

321 1810 445 1872 ‘Cernis
464 1812 621 1891 inexperto
643 1821 777 1872 rorantes
799 1812 939 1889 sangnine
960 1819 1076 1887 ventos,

255 1895 295 1958 Et
314 1897 418 1976 plumis
440 1895 552 1956 stillare
571 1896 663 1974 diem,
687 1913 773 1976 quam
793 1913 883 1956 saera
904 1904 1032 1975 repente·

255 1982 395 2042 Victores
415 1981 505 2059 agitat
524 1981 585 2041 leto
604 1981 681 2042 loris
701 1982 744 2041 ira
765 1977 895 2040 sinistri?

255 2066 311 2127 llic
334 2066 453 2127 excelsa
474 2075 579 2144 petens
601 2065 695 2126 subita
716 2065 781 2125 iace
802 2064 875 2125 solis
894 2065 994 2125 inarsit

257 2151 455 2230 Submisitque
478 2151 604 2227 animos,
627 2149 707 2210 illum
728 2151 855 2226 vestigia
879 2148 1010 2210 adortum

256 2236 396 2297 Maiarum
417 2235 568 2295 volucrum
589 2243 709 2294 tenerae
731 2233 877 2313 deponitis
898 2233 973 2294 alae.

255 2321 311 2382 Hic
334 2321 410 2381 hosti
431 2320 580 2398 inplicitus
602 2319 712 2399 pariter
733 2318 805 2395 ruit,
829 2317 905 2378 hunc
924 2318 992 2396 iuga
1010 2312 1090 2378 retro

256 2406 357 2467 Voluit
378 2422 469 2483 agens
491 2405 592 2465 sociae
613 2404 790 2484 linquentem
810 2403 869 2464 iata
887 2412 1034 2464 catervae.

255 2490 312 2550 Hic
333 2490 430 2551 nimbo
452 2489 632 2568 glomeratus
652 2488 739 2566 obit,¹
753 2488 801 2549 nie
823 2497 966 2568 praepete
984 2489 1051 2549 riva

256 2576 388 2636 Pascitur
408 2576 583 2636 immoriens:
607 2576 718 2654 spargit
739 2591 812 2635 cava
832 2572 930 2634 nubila
949 2574 1076 2652 sanguis.
1205 2579 1256 2634 545

257 2661 334 2734 Quid
351 2660 449 2721 furtim
463 2657 619 2720 lacrimas?
640 2659 730 2737 illum,
753 2659 920 2721 venerande
937 2652 1091 2737 Melampu,

257 2745 314 2818 Qui
337 2744 429 2820 cadit,
452 2749 608 2823 agnosco?
645 2743 791 2823 'lrcpidos
812 2746 856 2804 sic
878 2743 956 2803 mole
978 2742 1067 2804 loturi

259 2828 428 2907 Cunctaque
448 2829 504 2888 iam
523 2846 621 2888 rerum
642 2838 722 2889 certa
744 2828 799 2888 sub
820 2829 946 2904 imagine
967 2842 1072 2906 passos

259 2913 368 2973 Terror
387 2910 475 2972 habet
496 2920 592 2979 vatem
611 2912 693 2990 piget
713 2912 859 2991 inrupisse
876 2910 1024 2971 uolantum

259 2995 392 3057 concilia
414 3005 443 3056 et
465 2994 552 3055 coelo
572 3004 698 3055 mentem
719 2996 878 3056 insertasse
900 2995 1019 3054 vetanti.
1207 3002 1259 3055 550

258 3081 415 3161 Auditique
437 3081 528 3142 odere
552 3079 640 3149 decs;
662 3077 738 3140 unde
760 3081 817 3140 iste
837 3098 892 3159 per
908 3077 1009 3139 orbem

257 3168 369 3229 Primus
391 3166 504 3227 venturi
525 3165 639 3226 miseris
657 3164 848 3226 animantibus
870 3180 962 3242 aeger

260 3251 359 3313 Crevit
382 3248 483 3312 amor?
506 3251 639 3312 divumne
659 3248 738 3327 ieras
760 3249 818 3310 doc
838 3266 956 3326 munus,
979 3266 1015 3309 an
1037 3249 1094 3327 ipsi

260 3338 338 3398 Gens
359 3336 442 3398 auida
463 3345 493 3397 et
513 3344 598 3416 parto
620 3352 678 3396 non
701 3352 832 3415 nmquam
851 3343 930 3395 stare
952 3331 1064 3414 quieti?

258 3420 410 3498 Eruimus,
433 3438 508 3501 quae
526 3421 617 3500 prima
639 3420 719 3496 dies,
741 3419 791 3480 uhi
808 3420 946 3479 terminus
965 3419 1042 3494 aevi,

259 3507 335 3580 Quid
359 3506 452 3566 bonus
471 3505 522 3567 ille
545 3506 630 3567 deum
651 3507 784 3584 genitor,
808 3504 877 3584 quid
896 3504 994 3565 lerrea
1017 3502 1123 3565 Clotlro

260 3589 393 3670 Cogitet;
414 3591 481 3651 lrinc
501 3590 592 3652 librae
612 3599 641 3652 et
664 3590 816 3651 volucrum
835 3608 890 3669 per
910 3589 1007 3650 nubila
1025 3606 1133 3667 sermo,

257 3678 470 3756 astrorumque
490 3677 571 3736 vices
592 3684 800 3755 numerataque
820 3676 922 3753 semita
943 3674 1030 3735 lonae

258 3761 518 3843 Thessalicumque
540 3762 633 3825 nefas.
676 3760 715 3823 At
733 3777 794 3823 non
813 3761 895 3844 prior
916 3758 1107 3825 ustensilia
