3134 4434
291 451 329 511 10
627 463 659 510 P.
679 461 812 511 11111111
835 461 950 510 suurn

287 620 363 680 Vota
382 636 483 698 paves.
524 617 604 678 Pone
627 634 645 677 o
668 617 779 692 dulcis,
802 617 943 696 suspiria,
965 628 1062 696 vates,-

287 704 384 781 Pone,
410 713 458 763 tua
481 711 535 763 est.
576 702 659 762 hicet
678 702 846 793 ,expositum
870 721 925 781 per
947 702 1034 764 limen
1056 716 1161 783 aperto

286 788 349 865 Ire,
372 788 470 848 redire
490 787 595 865 gradu:
619 787 676 846 iam
696 804 837 864 nusquam
859 787 962 846 ianitor
984 797 1031 848 aut
1054 790 1104 849 lex
1253 800 1289 854 35

287 873 345 933 Aut
364 873 468 952 pudor.
510 870 658 950 Amplexu
678 870 795 931 tandem
815 872 922 931 satiare
941 873 1048 949 petito,
1069 907 1112 931 -s-

288 956 430 1035 Contigit!
454 989 497 1001 -
518 965 547 1016 et
568 955 654 1016 duras
678 956 788 1035 pariter
810 955 999 1015 reminiscere
1022 968 1134 1018 noctes.

285 1042 381 1120 Digna
403 1040 520 1121 quidem
541 1057 672 1116 merces,
697 1040 772 1099 etsi
794 1037 938 1110 tihiJuno
962 1040 1080 1101 labores

285 1125 468 1202 Herculeos,
492 1126 601 1202 Stygiis
623 1133 652 1185 11
674 1125 699 1184 si
721 1140 901 1183 concurrere
922 1126 1059 1186 monstris

285 1210 355 1272 Fata
378 1212 495 1286 darent,
520 1211 546 1269 si
567 1207 703 1285 Cyaneos
725 1226 868 1286 raperere
888 1226 944 1287 pes
961 1219 1073 1269 aestus.
1252 1223 1289 1277 40

260 1345 263 1350 .
285 1295 366 1355 lianc
385 1304 509 1374 propter
529 1294 599 1354 tanti
619 1292 723 1353 Pisaea
745 1291 814 1370 lege
836 1301 1008 1355 trementem

287 1378 414 1439 Currere
437 1388 466 1438 11
488 1377 628 1438 Oenomai
648 1377 779 1437 fremitus
793 1376 902 1436 audire
926 1379 1085 1458 sequentis.

230 1527 233 1532 ,
284 1463 350 1523 Ν11
371 1464 395 1523 si
413 1463 566 1523 Dardania·
579 1471 682 1540 pastor
702 1461 874 1521 temerarius
896 1460 948 1522 lda
1044 1507 1049 1512 .

284 1548 439 1624 sedisses,
468 1548 543 1607 haec
565 1547 640 1607 dona
661 1546 774 1620 forent,
794 1547 904 1604 neo-si
926 1546 1000 1607 alma
1021 1565 1076 1627 per
1097 1566 1183 1612 auras

285 1631 327 1692 'le
347 1633 442 1710 potius
463 1649 600 1710 prensum
620 1630 745 1690 veheret
766 1629 899 1690 Tithonia
920 1629 999 1707 biga.
1254 1645 1290 1699 45

348 1717 409 1777 Sed
431 1734 505 1795 quae
529 1733 617 1776 eausa
639 1724 720 1775 toros
741 1715 917 1793 inopinaque
935 1717 1042 1792 gaudia
1062 1718 1122 1776 vati

285 1801 404 1876 Attulit,
427 1801 475 1860 hic
494 1818 623 1876 mecum,
647 1799 712 1859 dum
734 1799 851 1859 fervent
872 1801 986 1876 agmine
1006 1809 1109 1880 postes

285 1886 441 1964 Atriaque,
466 1893 495 1944 et
516 1884 603 1944 multa
625 1883 776 1962 pulsantur
793 1883 897 1944 limina
915 1884 1010 1961 virga,

284 1970 354 2044 llio,
377 1969 466 2029 Erato
489 1969 629 2044 iucunda,
653 1966 739 2027 doce.
778 1967 874 2027 Vacat
894 1977 961 2046 apta
982 1986 1104 2030 movere

285 2053 456 2133 Colloquia,
481 2061 510 2113 et
530 2052 609 2112 docti
629 2061 734 2112 norunt
755 2051 1008 2131 audirepenates.
1252 2067 1289 2121 50

251 2178 254 2182 -
346 2138 436 2199 Forte
459 2138 587 2198 serenati
609 2155 664 2216 qua
687 2145 744 2197 stat
764 2137 853 2216 plaga
875 2136 971 2198 lactea
991 2139 1079 2215 coeli,

284 2225 367 2285 Alma
389 2222 492 2282 Venus·
511 2222 654 2297 thalamo,
673 2221 762 2301 pulsa
781 2221 870 2281 modo
891 2231 996 2301 nocte,
1019 2224 1146 2300 iacebat,
1253 2293 1259 2299 ,

283 2309 429 2387 Amplexu
452 2306 524 2367 du'ro
548 2306 642 2368 Getici
664 2307 793 2366 resoluta
816 2307 918 2367 mariti

283 2392 390 2452 Fulcra
408 2401 550 2471 torosque
571 2392 645 2452 deae
667 2400 800 2459 tenerum
821 2391 925 2470 premit
945 2409 1048 2469 agmen
1065 2391 1220 2462 Amorum;

284 2478 373 2554 Signa
395 2475 512 2555 petunt,
536 2493 608 2555 quas
630 2474 710 2535 ierre
729 2476 826 2552 iaces,
850 2493 926 2555 quas
948 2485 1070 2554 pectora
1092 2477 1143 2555 ligi
1252 2490 1287 2542 55

282 2561 425 2642 Imperet;
450 2578 486 2620 an
505 2561 594 2620 terris
617 2561 749 2636 saevire,
772 2578 809 2620 un
830 2561 908 2621 malit
929 2560 958 2620 in
976 2561 1071 2637 undis,

283 2645 330 2705 An
352 2645 476 2704 miscere
499 2645 590 2720 deos,
613 2662 650 2705 an
671 2645 765 2705 adhuc
786 2662 896 2705 vexare
918 2652 1075 2705 tonantem.

283 2730 343 2809 lpsi
364 2729 472 2789 animus
495 2729 636 2805 nondum,
658 2748 715 2790 nec
737 2728 820 2788 cordi
841 2729 899 2789 lixa
917 2729 1062 2790 voluntas.

282 2813 360 2874 Fusa
382 2814 459 2873 iacet
480 2815 594 2890 stratis,
616 2814 667 2873 nbi
688 2814 832 2893 quondam
854 2815 974 2875 conseia
996 2813 1101 2893 culpae
1205 2832 1208 2836 ·

282 2898 399 2960 Lemnia
421 2898 585 2977 deprensae
605 2906 763 2976 repserunt
783 2899 1011 2960 vincula-lecto.
1251 2911 1288 2966 60

282 2983 338 3044 llic
358 3002 432 3064 puer
453 3002 470 3043 e
493 2984 576 3045 turba
598 2983 766 3060 volucrum,
791 2984 838 3042 cui
861 2983 1001 3062 plurimus
1021 2982 1097 3060 ignis

283 3066 342 3128 Ore
362 3086 505 3147 manuque
527 3068 587 3129 levi
606 3086 758 3146 numquam
779 3067 916 3129 frustrata
936 3067 1042 3144 sagitta

282 3152 407 3230 Agmine
430 3152 584 3212 demedio
605 3161 708 3212 tenera
729 3153 773 3212 sic
793 3151 879 3212 dulce
902 3151 1035 3231 profatus

281 3237 383 3297 Voce:
407 3236 564 3314 pharetrati
585 3253 725 3314 pressere
746 3236 860 3296 silentia
881 3235 998 3296 fratres.

348 3321 446 3397 ‘Sois,
468 3330 515 3397 ut,
538 3329 646 3396 mater,
668 3322 724 3396 ait,
749 3320 829 3381 nulla
845 3320 914 3380 mihi
934 3320 1057 3381 dextera
1078 3322 1179 3398 segnis
1252 3333 1286 3388 65

283 3404 397 3474 Militiam
421 3423 623 3485 quemcunque
643 3405 787 3464 hominum
810 3406 963 3483 divumque
983 3405 1116 3479 dedisti,-

281 3490 389 3551 Uritur.
427 3489 467 3548 At
485 3491 629 3568 quondam
648 3489 775 3549 lacrimis
797 3500 826 3550 et
848 3490 984 3569 supplice
1006 3489 1109 3550 dextra
1170 3508 1174 3513 ·

282 3574 320 3635 Et
340 3574 417 3633 votis
439 3573 635 3653 precibusque
659 3575 713 3634 viri
734 3575 866 3635 concede
888 3574 1012 3651 moveri,

283 3657 307 3716 0
329 3659 471 3736 genitrix:
494 3658 566 3718 duro
588 3677 645 3718 nec
666 3660 741 3718 enim
764 3678 802 3720 ex
823 3658 974 3720 adamante
996 3659 1098 3734 creati,

280 3743 342 3804 Sed
364 3754 412 3806 tua
430 3743 514 3805 turha
535 3761 643 3804 sumus.
682 3741 785 3804 Clarus
805 3744 842 3805 de
863 3753 951 3822 gente
974 3744 1073 3804 Latina
1252 3753 1288 3809 to
