3134 4434
319 428 361 491 90
653 439 685 488 a,
707 437 842 489 000000
865 436 981 489 sunan

321 594 470 671 Gramine,
493 611 569 654 nnnc
589 592 695 656 faciles
716 593 828 657 sternit.
841 594 1030 674 procursibus
1049 595 1157 659 barbas

319 681 353 743 In
375 680 483 741 vultum
501 680 611 749 niteam
635 696 732 740 caram
754 679 842 741 medo
865 679 950 741 lactis
971 698 1067 758 egeno

320 765 468 826 Nutricem
490 763 632 842 clangere
649 764 731 825 ciens
753 766 916 843 iterumque
933 766 1080 844 renidens,

319 849 358 911 Et
372 849 480 910 teneris
499 849 640 911 meditans
657 847 750 910 verba
769 848 937 910 inluetantia
951 849 1052 928 labris,
1272 861 1324 919 790

318 933 438 997 Miratur
456 950 605 995 nemorum
625 933 783 1012 strepitus,
806 942 855 995 aut
874 933 963 996 cbvia
982 936 1084 1014 carpit,

319 1019 379 1080 Aut
400 1019 499 1099 patulo
519 1017 607 1079 trabit
625 1035 678 1078 ure
701 1018 792 1095 rllem,
810 1019 996 1098 nemorisque
1017 1020 1158 1082 malcrum

319 1104 432 1166 Inscius
453 1113 483 1164 01
503 1103 581 1164 vitae
597 1102 716 1163 multum
733 1120 855 1164 securus
877 1104 994 1165 inerrat.

320 1191 370 1252 Sic
389 1199 473 1251 tener
495 1187 619 1265 Odrysia
639 1185 757 1248 blaucrs
777 1189 861 1264 niue,
885 1189 928 1248 sic
948 1206 1021 1268 puer
1041 1190 1104 1253 ales
1266 1240 1269 1245 .

319 1275 440 1336 Vertice
459 1271 620 1349 llaenaliu,
642 1271 710 1333 tulis
728 1290 782 1352 per
805 1273 892 1334 litora
908 1283 1028 1353 reptans
1267 1284 1321 1342 -795

319 1357 464 1441 lnprobus
482 1356 623 1436 Ortygiae
643 1356 719 1418 latus
740 1356 897 1419 inclinabat
917 1356 1038 1437 Apollo.
1245 1379 1249 1388 ·

380 1443 427 1504 llll
447 1461 502 1523 per
523 1442 625 1504 dumos
646 1450 677 1503 01
697 1459 792 1522 opaca
812 1441 972 1503 virentibus
989 1443 1098 1505 umbris

319 1528 414 1591 Deaia
436 1545 504 1608 pars
526 1528 657 1606 cingunt,
681 1545 752 1607 pura
769 1535 851 1588 arcta
871 1526 959 1607 plebe
980 1538 1149 1608 sequuntur,

319 1612 584 1692 Praeceleruntque
602 1611 715 1674 ducent.
748 1610 874 1672 Aledium
893 1611 971 1674 subit
991 1613 1041 1675 illa
1055 1633 1110 1694 per
1125 1631 1233 1692 agmen

319 1697 386 1760 Non
405 1697 627 1758 humililestina
647 1696 750 1771 mcd03
772 1697 887 1776 iamque
909 1714 991 1758 amne
1014 1700 1179 1779 propinque
1265 1711 1320 1767 800

322 1782 422 1844 110000
445 1790 529 1848 00001
545 1779 650 1862 000111οΪ,
672 1797 867 1860 saxosumque
884 1782 987 1861 inpulit
1005 1801 1090 1844 aures

320 1867 461 1936 blurmur3
485 1865 524 1926 ibi
544 1866 676 1929 exultans
697 1865 859 1927 conclamat
878 1866 915 1928 ab
936 1869 1049 1946 agmine
1070 1869 1175 1948 primu,

320 1954 402 2015 Sicut
423 1961 503 2028 erat,
525 1949 640 2012 levibus
664 1950 772 2013 tullens
794 1948 1058 2032 vexilla'maniplis

319 2038 417 2117 Argus
438 2035 545 2116 aquae!
566 2035 731 2116 longusque
751 2035 844 2095 virum
862 2055 953 2116 super
975 2055 1027 2099 cra
1044 2041 1172 2101 cucurrit

322 2121 438 2184 Clamor
459 2119 567 2201 aquae!
599 2122 649 2183 Sic
668 2119 816 2183 Ambracii
837 2139 892 2200 per
912 2121 999 2184 litore
1018 2125 1098 2202 penti
1269 2137 1320 2194 805

318 2206 459 2268 Nauticus
479 2209 508 2267 in
529 2205 616 2266 remis
636 2207 770 2267 iuvenum
788 2215 965 2268 monstrante
987 2208 1127 2286 magistre

318 2291 365 2354 Fit
384 2310 488 2367 senus,
512 2291 599 2371 inque
619 2290 714 2352 vicem
736 2298 837 2351 contra
857 2308 999 2371 percussa
1017 2292 1156 2355 reclamat

319 2377 427 2454 Terra,
449 2374 590 2436 salutntus
610 2393 697 2455 quum
714 2374 849 2436 Leucada
867 2376 966 2455 pandit
986 2374 1108 2457 Apollo.

381 2459 543 2522 Incubuere
566 2461 649 2522 uadis
669 2459 778 2539 passim
798 2458 964 2521 discrimine
982 2462 1063 2523 nullo

319 2545 416 2607 Turba
439 2543 522 2604 simul
543 2544 701 2623 primique,
723 2543 823 2622 nequit
842 2561 1001 2606 secernere
1020 2547 1126 2609 mixtos
1265 2561 1318 2616 800

318 2632 424 2710 Aequa
445 2629 526 2705 sitis,
546 2627 660 2689 frenate
680 2627 742 2687 suis
762 2628 792 2687 in
812 2624 945 2689 curribus
967 2631 1072 2692 intrant

317 2716 472 2791 Armenta,
493 2721 523 2773 et
544 2711 625 2794 pleni
645 2712 767 2774 dominis
789 2713 934 2794 armisque
955 2716 1086 2776 teruntur

317 2797 546 2879 Quadrupedem
567 2796 623 2859 lros
640 2796 726 2859 urbs
746 2814 855 2878 rapax,
876 2797 931 2859 bns
951 2799 1061 2862 lubrice
1083 2799 1184 2863 lallunt

317 2887 412 2962 Saxa,
433 2902 490 2945 000
508 2883 656 2963 inplicitos
677 2882 765 2944 llurio
785 2885 949 2946 reverentia
973 2904 1062 2964 reges

316 2970 492 3046 Preterere,
515 2977 564 3033 ant
583 2966 722 3029 mersisse
741 2967 819 3029 vade
841 2968 990 3033 clamantis
1013 2972 1096 3032 amici
1237 3006 1244 3017 ·
1262 2986 1314 3041 815

318 3053 386 3114 Ora.
418 3053 556 3115 Fremant
569 3052 680 3130 undae,
699 3052 864 3132 longusque
879 3073 896 3117 a
913 3054 1041 3116 fontibus
1057 3057 1146 3117 amnis

316 3137 473 3218 Diripitur,
493 3137 580 3199 mede
599 3137 667 3199 lene
687 3138 787 3198 uirens
808 3147 839 3199 et
858 3140 1069 3220 gurgite-pure

315 3222 509 3303 Perspicuus,
531 3240 607 3283 nunc
628 3221 730 3283 sordet
750 3222 833 3302 aquis
857 3234 976 3302 egestus
995 3224 1032 3286 ab
1055 3226 1111 3285 imc

316 3307 444 3378 Alveus;
465 3307 533 3368 inde
553 3316 636 3368 toros
657 3307 784 3387 riparum
803 3315 835 3369 01
854 3318 974 3387 proruta
995 3309 1110 3371 turbant

317 3391 467 3469 Gramina,
489 3393 546 3453 iam
565 3408 681 3453 crassus
703 3408 859 3472 coenoque
879 3403 910 3454 et
928 3393 1054 3472 pulvere
1075 3403 1202 3468 terreus,
1264 3407 1317 3462 820

316 3475 495 3557 Quamquam
514 3475 632 3556 expleta
651 3476 730 3553 sitis,
751 3475 860 3537 bibitur
880 3487 985 3539 tamen.
1019 3478 1143 3557 Agmina
1159 3481 1241 3543 belle

314 3560 476 3623 Decertare
495 3571 597 3643 putes,
616 3562 777 3640 iustumque
791 3562 826 3621 -in
846 3563 967 3640 gurgite·
981 3561 1103 3625 Martem

315 3646 487 3724 Perfurere,
510 3656 539 3707 et
562 3655 675 3726 captam
695 3645 760 3707 10111
779 3645 939 3707 victoribus
959 3647 1071 3709 urbem.

298 3790 314 3811 ,
377 3731 474 3813 Atque
495 3731 599 3812 aliquis
620 3749 723 3810 regum
735 3729 832 3793 medic
852 3732 1037 3795 cirtunulluus
1053 3735 1142 3796 amni:
