3134 4434
309 425 366 486 110
642 435 674 484 e.
695 434 827 484 eaerum
849 434 963 485 suarm

304 591 434 653 dlectare
455 591 483 650 in
501 588 645 653 tumulos?
667 593 765 671 quanti
786 609 840 672 pro
857 591 967 653 funeris
989 593 1082 654 ultor!

307 676 362 736 (lui
384 694 504 754 regnum
523 678 697 754 genitorque
719 676 817 738 Thoas
842 685 871 737 et
890 677 1001 738 lucidus
1023 677 1109 737 Euan

306 762 412 839 Stirpis
430 779 510 821 avus.
549 760 707 822 Tumidone
728 779 846 841 parum,
869 762 946 840 quod
965 761 1103 839 gentibus
1127 763 1212 824 actis

305 845 439 924 Undique
458 847 487 904 in
508 864 586 906 arma
605 847 665 907 ruis
685 848 761 906 iuter
778 846 879 926 rapida
901 849 1013 923 agmina
1028 864 1137 926 pacem
1352 818 1361 983 p

306 930 395 991 Solus
413 925 525 990 habes?
547 929 729 1009 habeasque,
752 940 781 990 et
801 940 831 991 te
849 931 971 991 victoria
993 929 1110 991 Graium

304 1014 434 1107 lgveniat
450 1015 565 1076 tumulis
585 1016 736 1075 etiamnum
757 1014 831 1075 haec
852 1015 910 1076 fata
929 1016 1116 1093 gementem'

367 1100 506 1175 Dixerat,
530 1108 560 1158 et
581 1099 695 1159 tandem
713 1109 864 1161 cunctante
886 1101 1045 1161 modestior
1066 1101 1112 1159 ira
1260 1111 1304 1166 oto

304 1182 358 1244 Ille
379 1183 485 1247 retem:
509 1181 670 1262 ‘Equidem
690 1200 748 1243 non
769 1201 824 1243 vos
846 1185 882 1245 ad
903 1185 1016 1245 moenia
1034 1183 1160 1245 Thebes

303 1267 419 1345 Rebar,
443 1277 473 1328 et
491 1267 613 1329 hostiles
631 1269 688 1329 huc
709 1269 862 1329 advenisse
885 1278 1029 1329 catervas.

303 1352 422 1430 Pergite
441 1353 469 1412 in
492 1353 636 1413 excidium
654 1354 744 1428 socii,
766 1355 791 1413 si
810 1362 887 1414 tanta
908 1355 1055 1432 voluptas,

305 1438 474 1514 Sanguinis,
496 1436 704 1519 inbuite-arma
722 1436 815 1513 domi,
838 1447 925 1516 atque
947 1437 1020 1498 haec
1042 1438 1127 1498 inrita
1148 1440 1257 1501 dudum

303 1520 424 1600 Templa
436 1521 514 1581 lovis
524 1554 567 1569 -
577 1522 645 1601 qnid
657 1522 732 1582 enim
743 1522 819 1582 haud
829 1520 958 1582 licitum?
969 1521 1092 1582 —ierat
1103 1524 1203 1603 inpius
1217 1526 1297 1602 ignis,

303 1607 336 1667 si
356 1606 460 1682 vilem,
483 1608 553 1666 tanti
574 1615 740 1686 premerent
760 1623 846 1685 quum
868 1617 989 1686 pectora
1010 1607 1117 1682 luctus,
1252 1619 1298 1674 ὥσ

302 1689 335 1750 ln
357 1690 489 1750 famulam
510 1692 554 1750 ins
575 1708 644 1752 esse
666 1700 764 1767 ratus,
787 1691 960 1770 dominoque
982 1691 1117 1769 dnciqne.

303 1774 364 1836 Sed
385 1774 471 1834 videt
485 1774 574 1850 haec,
596 1774 676 1834 videt
696 1775 747 1836 ille
766 1775 851 1837 deum
872 1784 1027 1854 regnator,
1047 1785 1076 1835 et
1097 1779 1179 1836 ansis

304 1860 377 1919 Sera
400 1860 531 1936 quidem,
555 1868 655 1919 manet·
666 1861 708 1920 ira
728 1864 846 1921 tamen)
884 1862 932 1921 Sic
954 1860 1045 1937 fatus,
1069 1870 1099 1920 et
1119 1879 1210 1923 arces

302 1944 451 2022 Respicit,
473 1953 560 2023 atque
581 1944 641 2004 illic
662 1944 728 2005 alio¹
741 1946 897 2006 certamine
919 1944 991 2006 belli
1251 1956 1298 2013 oto

302 2029 394 2089 'lecta
417 2027 553 2098 iremnnt;
574 2029 713 2090 volucres
735 2031 863 2109 equitum
885 2038 1085 2109 praeverterat
1108 2030 1172 2091 alas

300 2113 388 2174 Fama
407 2131 527 2191 reeens,
548 2115 680 2192 geminos
703 2115 756 2175 alis
778 2115 913 2194 amplexa
934 2113 1079 2174 tumultus.

300 2197 349 2260 Illi
367 2198 402 2258 ad
422 2198 480 2259 iata
501 2201 579 2278 rapi,
602 2209 689 2278 atque
709 2200 752 2260 illi
769 2201 826 2261 iam
847 2198 1022 2259 occumbere
1042 2198 1115 2274 leto,

302 2285 352 2343 Sic
367 2284 497 2345 meritam
513 2283 695 2363 Hypsipylen
711 2286 831 2360 iterant,
854 2284 1049 2362 creduntque,
1070 2300 1129 2343 nec
1151 2280 1222 2347 irae

301 2366 348 2428 Fit
368 2384 464 2444 mora,
487 2369 601 2446 iamque
622 2368 720 2444 iaces,
743 2377 773 2428 et
792 2367 852 2429 tela
870 2367 1022 2447 penatibus
1043 2369 1161 2428 instant.
1249 2381 1297 2438 695
1355 2302 1361 2513 h

301 2450 426 2539 Vertere
448 2450 818 2539 ,regnahemqrqraqtqp
839 2470 875 2513 ue
897 2470 932 2539 ap
946 2451 1216 2597 Qrgum,

304 2534 375 2596 (lum
394 2532 465 2596 lohe
505 2553 569 2597 cnm
586 2537 662 2604 aris:
676 2546 814 2597 resonant
831 2555 879 2595 un
910 2536 985 2597 tibus
1001 2554 1037 2599 ae
1059 2555 1092 2596 es

301 2581 650 2699 F'elhih'diffleh's'rss'q‘de
670 2619 755 2681 dolor
776 2620 826 2681 dat
845 2630 929 2698 terga
950 2622 1054 2683 timori.

363 2704 517 2787 Alipedum
538 2722 624 2765 curru
645 2704 802 2767 sedenim
822 2705 952 2766 sublimis
973 2706 1115 2767 Adrastus

303 2790 409 2850 Secum
431 2799 497 2850 ante
520 2806 571 2850 ora
592 2790 691 2851 virum
705 2790 893 2852 tremebunde
915 2790 1074 2853 Thoantida
1096 2801 1220 2869 portans
1249 2804 1298 2862 too

300 2872 327 2935 lt
346 2875 457 2936 medius
479 2876 594 2951 turmis,
616 2884 647 2935 et
668 2875 817 2953 ‘Parcite,
841 2877 968 2956 parcite,
992 2875 1103 2935 clamat.

303 2958 350 3019 Nil
370 2969 465 3020 actum
483 2978 591 3037 saeve,
611 2961 816 3049 meritnt,.,pep¹
829 2960 1060 3043 inflammes
1167 2978 1170 2983 '

301 3041 472 3125 Excidinm,
494 3045 626 3124 gratique
644 3038 790 3109 inventrix
810 3034 933 3123 llnminis
946 3043 1049 3105 ecce)
1123 3080 1126 3084 ⁴
1364 3072 1368 3109 ι

264 3110 483 3211 ,ΛἜῖοἾὼί
504 3130 628 3190 dirersis
645 3131 734 3191 maria
755 3140 892 3193 euertere
912 3129 1055 3210 procellis
1363 3122 1368 3193 ἶ

300 3212 374 3273 llinc
395 3212 505 3275 Boreas
525 3212 696 3293 Eurusque,
718 3214 799 3275 illino
818 3217 902 3293 niger
921 3214 1058 3277 irnhrihus
1083 3212 1203 3293 Auster,
1249 3226 1297 3283 tot
1364 3206 1369 3293 l

300 3296 387 3359 Pulsa
409 3298 472 3358 dies
492 3308 672 3377 regnantque
691 3299 821 3378 hiemes,
841 3301 921 3362 venit
941 3299 1079 3377 aequoris
1100 3299 1150 3359 alti
1177 3358 1182 3365 .

300 3381 368 3442 Rex
389 3382 520 3443 sublimis
538 3385 636 3462 equis,
660 3385 849 3465 geminusque
871 3385 907 3446 ad
926 3401 1047 3463 spumea
1065 3382 1167 3445 Triton

301 3464 396 3527 Frena
418 3476 519 3527 natans
539 3467 598 3528 late
619 3468 725 3548 pelago
748 3469 797 3535 dat
816 3470 899 3547 signa
920 3468 1049 3537 cadenti;

299 3549 338 3612 Et
358 3553 413 3612 iam
430 3551 517 3631 plana
537 3552 652 3630 Thetis,
673 3562 846 3633 montesque
869 3563 898 3613 et
918 3552 1004 3613 litora
1025 3564 1169 3614 crescunt.

364 3636 435 3711 Quis
456 3655 594 3718 superum
614 3647 694 3701 tanto
717 3638 828 3699 solutus
848 3638 949 3699 lunera
972 3646 1042 3698 voto
1250 3648 1299 3705 710

1357 2558 1363 2683 l
