<?xml version="1.0" encoding="UTF-8"?>
<!DOCTYPE html PUBLIC "-//W3C//DTD XHTML 1.0 Transitional//EN"
    "http://www.w3.org/TR/xhtml1/DTD/xhtml1-transitional.dtd">
<html xmlns="http://www.w3.org/1999/xhtml" xml:lang="en" lang="en">
 <head>
  <title>
</title>
<meta http-equiv="Content-Type" content="text/html;charset=utf-8" />
  <meta name='ocr-system' content='tesseract 3.04.00' />
  <meta name='ocr-capabilities' content='ocr_page ocr_carea ocr_par ocr_line ocrx_word'/>
</head>
<body>
  <div class='ocr_page' id='page_1' title='image "./publiuspapinius00quecgoog/publiuspapinius00quecgoog_0221.png"; bbox 0 0 3134 4434; ppageno 0'>
   <div class='ocr_carea' id='block_1_1' title="bbox 614 463 1284 524">
    <p class='ocr_par' dir='ltr' id='par_1_1' title="bbox 614 463 1284 524">
     <span class='ocr_line' id='line_1_1' title="bbox 614 463 1284 524; baseline 0.004 -4"><span class='ocrx_word' id='word_1_1' title='bbox 614 471 815 521; x_wconf 76' lang='lat' dir='ltr'>nusumoos</span> <span class='ocrx_word' id='word_1_2' title='bbox 836 472 905 521; x_wconf 83' lang='lat' dir='ltr'>ura.</span> <span class='ocrx_word' id='word_1_3' title='bbox 928 472 952 522; x_wconf 90' lang='lat'>1.</span> <span class='ocrx_word' id='word_1_4' title='bbox 1247 463 1284 524; x_wconf 83' lang='lat' dir='ltr'>lo</span> 
     </span>
    </p>
   </div>
   <div class='ocr_carea' id='block_1_2' title="bbox 245 626 1285 3587">
    <p class='ocr_par' dir='ltr' id='par_1_2' title="bbox 245 626 1285 3587">
     <span class='ocr_line' id='line_1_2' title="bbox 281 626 1175 708; baseline 0.002 -20"><span class='ocrx_word' id='word_1_5' title='bbox 281 626 382 689; x_wconf 79' lang='lat' dir='ltr'>Haurit</span> <span class='ocrx_word' id='word_1_6' title='bbox 402 627 472 688; x_wconf 87' lang='lat' dir='ltr'>iter:</span> <span class='ocrx_word' id='word_1_7' title='bbox 495 627 593 708; x_wconf 91' lang='lat' dir='ltr'>pulsat</span> <span class='ocrx_word' id='word_1_8' title='bbox 613 637 708 689; x_wconf 87' lang='lat' dir='ltr'>metus</span> <span class='ocrx_word' id='word_1_9' title='bbox 729 627 856 707; x_wconf 88' lang='lat' dir='ltr'>undique</span> <span class='ocrx_word' id='word_1_10' title='bbox 878 637 907 688; x_wconf 88' lang='lat' dir='ltr'>et</span> <span class='ocrx_word' id='word_1_11' title='bbox 928 628 1054 708; x_wconf 89' lang='lat' dir='ltr'>undique</span> <span class='ocrx_word' id='word_1_12' title='bbox 1075 629 1175 692; x_wconf 87' lang='lat' dir='ltr'>irater.</span> 
     </span>
     <span class='ocr_line' id='line_1_3' title="bbox 283 712 1285 793; baseline 0.003 -21"><span class='ocrx_word' id='word_1_13' title='bbox 283 713 329 773; x_wconf 89' lang='lat' dir='ltr'>Ac</span> <span class='ocrx_word' id='word_1_14' title='bbox 349 712 432 773; x_wconf 86' lang='lat' dir='ltr'>velut</span> <span class='ocrx_word' id='word_1_15' title='bbox 451 712 574 774; x_wconf 86' lang='lat' dir='ltr'>biberno</span> <span class='ocrx_word' id='word_1_16' title='bbox 598 713 762 793; x_wconf 88' lang='lat' dir='ltr'>deprensus</span> <span class='ocrx_word' id='word_1_17' title='bbox 783 714 879 774; x_wconf 88' lang='lat' dir='ltr'>navita</span> <span class='ocrx_word' id='word_1_18' title='bbox 901 724 1003 793; x_wconf 82' lang='lat' dir='ltr'>ponto,</span> <span class='ocrx_word' id='word_1_19' title='bbox 1232 724 1285 781; x_wconf 81' lang='lat'>370</span> 
     </span>
     <span class='ocr_line' id='line_1_4' title="bbox 284 797 1177 877; baseline 0.006 -21"><span class='ocrx_word' id='word_1_20' title='bbox 284 797 338 857; x_wconf 87' lang='lat' dir='ltr'>Cui</span> <span class='ocrx_word' id='word_1_21' title='bbox 359 815 455 877; x_wconf 88' lang='lat' dir='ltr'>neque</span> <span class='ocrx_word' id='word_1_22' title='bbox 476 808 553 859; x_wconf 88' lang='lat' dir='ltr'>temo</span> <span class='ocrx_word' id='word_1_23' title='bbox 577 799 664 877; x_wconf 88' lang='lat' dir='ltr'>piger</span> <span class='ocrx_word' id='word_1_24' title='bbox 683 815 780 877; x_wconf 90' lang='lat' dir='ltr'>neque</span> <span class='ocrx_word' id='word_1_25' title='bbox 804 798 898 859; x_wconf 88' lang='lat' dir='ltr'>amieo</span> <span class='ocrx_word' id='word_1_26' title='bbox 918 799 1017 860; x_wconf 87' lang='lat' dir='ltr'>sidere</span> <span class='ocrx_word' id='word_1_27' title='bbox 1039 808 1177 861; x_wconf 89' lang='lat' dir='ltr'>monstrat</span> 
     </span>
     <span class='ocr_line' id='line_1_5' title="bbox 281 881 1008 962; baseline 0.003 -20"><span class='ocrx_word' id='word_1_28' title='bbox 281 881 359 943; x_wconf 88' lang='lat' dir='ltr'>Luna</span> <span class='ocrx_word' id='word_1_29' title='bbox 381 884 462 958; x_wconf 80' lang='lat' dir='ltr'>vias,</span> <span class='ocrx_word' id='word_1_30' title='bbox 485 884 581 944; x_wconf 88' lang='lat' dir='ltr'>medio</span> <span class='ocrx_word' id='word_1_31' title='bbox 605 882 683 944; x_wconf 89' lang='lat' dir='ltr'>coeli</span> <span class='ocrx_word' id='word_1_32' title='bbox 704 882 863 962; x_wconf 77' lang='lat' dir='ltr'>pelagique</span> <span class='ocrx_word' id='word_1_33' title='bbox 883 882 1008 944; x_wconf 88' lang='lat' dir='ltr'>tumultu</span> 
     </span>
     <span class='ocr_line' id='line_1_6' title="bbox 282 968 1137 1048; baseline 0.002 -22"><span class='ocrx_word' id='word_1_34' title='bbox 282 968 346 1027; x_wconf 88' lang='lat' dir='ltr'>Stat</span> <span class='ocrx_word' id='word_1_35' title='bbox 367 968 487 1028; x_wconf 88' lang='lat' dir='ltr'>rationis</span> <span class='ocrx_word' id='word_1_36' title='bbox 509 970 610 1048; x_wconf 82' lang='lat' dir='ltr'>inops,</span> <span class='ocrx_word' id='word_1_37' title='bbox 633 969 823 1047; x_wconf 90' lang='lat' dir='ltr'>iamiamque</span> <span class='ocrx_word' id='word_1_38' title='bbox 844 976 893 1028; x_wconf 93' lang='lat' dir='ltr'>aut</span> <span class='ocrx_word' id='word_1_39' title='bbox 913 986 984 1030; x_wconf 91' lang='lat' dir='ltr'>saxu</span> <span class='ocrx_word' id='word_1_40' title='bbox 1003 969 1137 1046; x_wconf 89' lang='lat' dir='ltr'>malignis</span> 
     </span>
     <span class='ocr_line' id='line_1_7' title="bbox 281 1050 1037 1132; baseline 0.001 -21"><span class='ocrx_word' id='word_1_41' title='bbox 281 1050 430 1132; x_wconf 78' lang='lat' dir='ltr'>Expectat</span> <span class='ocrx_word' id='word_1_42' title='bbox 451 1053 603 1114; x_wconf 89' lang='lat' dir='ltr'>submersa</span> <span class='ocrx_word' id='word_1_43' title='bbox 625 1052 724 1130; x_wconf 85' lang='lat' dir='ltr'>vadis,</span> <span class='ocrx_word' id='word_1_44' title='bbox 747 1060 797 1113; x_wconf 87' lang='lat' dir='ltr'>aut</span> <span class='ocrx_word' id='word_1_45' title='bbox 815 1053 928 1113; x_wconf 87' lang='lat' dir='ltr'>vertice</span> <span class='ocrx_word' id='word_1_46' title='bbox 950 1056 1037 1114; x_wconf 87' lang='lat' dir='ltr'>acuto</span> 
     </span>
     <span class='ocr_line' id='line_1_8' title="bbox 281 1137 1072 1218; baseline 0.003 -22"><span class='ocrx_word' id='word_1_47' title='bbox 281 1137 454 1215; x_wconf 89' lang='lat' dir='ltr'>Spumantes</span> <span class='ocrx_word' id='word_1_48' title='bbox 477 1138 617 1218; x_wconf 87' lang='lat' dir='ltr'>scopulos</span> <span class='ocrx_word' id='word_1_49' title='bbox 640 1146 759 1198; x_wconf 87' lang='lat' dir='ltr'>erectae</span> <span class='ocrx_word' id='word_1_50' title='bbox 781 1139 932 1198; x_wconf 88' lang='lat' dir='ltr'>incurrere</span> <span class='ocrx_word' id='word_1_51' title='bbox 955 1155 1072 1217; x_wconf 88' lang='lat' dir='ltr'>prorae.</span> 
     </span>
     <span class='ocr_line' id='line_1_9' title="bbox 344 1220 1123 1302; baseline 0.001 -20"><span class='ocrx_word' id='word_1_52' title='bbox 344 1221 425 1297; x_wconf 84' lang='lat' dir='ltr'>Talis</span> <span class='ocrx_word' id='word_1_53' title='bbox 446 1239 540 1302; x_wconf 89' lang='lat' dir='ltr'>opaca</span> <span class='ocrx_word' id='word_1_54' title='bbox 559 1222 664 1301; x_wconf 85' lang='lat' dir='ltr'>legens</span> <span class='ocrx_word' id='word_1_55' title='bbox 684 1237 833 1282; x_wconf 89' lang='lat' dir='ltr'>nemorum</span> <span class='ocrx_word' id='word_1_56' title='bbox 859 1220 1012 1283; x_wconf 81' lang='lat' dir='ltr'>Cadmeius</span> <span class='ocrx_word' id='word_1_57' title='bbox 1034 1223 1123 1283; x_wconf 87' lang='lat' dir='ltr'>heros</span> 
     </span>
     <span class='ocr_line' id='line_1_10' title="bbox 279 1305 1033 1384; baseline 0 -18"><span class='ocrx_word' id='word_1_58' title='bbox 279 1305 455 1384; x_wconf 79' lang='lat' dir='ltr'>Accelerat,</span> <span class='ocrx_word' id='word_1_59' title='bbox 477 1317 562 1368; x_wconf 87' lang='lat' dir='ltr'>vasto</span> <span class='ocrx_word' id='word_1_60' title='bbox 584 1306 738 1368; x_wconf 89' lang='lat' dir='ltr'>metuenda</span> <span class='ocrx_word' id='word_1_61' title='bbox 758 1306 884 1367; x_wconf 87' lang='lat' dir='ltr'>umbone</span> <span class='ocrx_word' id='word_1_62' title='bbox 906 1307 1033 1368; x_wconf 77' lang='lat' dir='ltr'>ferarum</span> 
     </span>
     <span class='ocr_line' id='line_1_11' title="bbox 279 1389 1062 1471; baseline 0.003 -21"><span class='ocrx_word' id='word_1_63' title='bbox 279 1389 440 1451; x_wconf 79' lang='lat' dir='ltr'>Excutiens</span> <span class='ocrx_word' id='word_1_64' title='bbox 461 1392 591 1469; x_wconf 82' lang='lat' dir='ltr'>stabula,</span> <span class='ocrx_word' id='word_1_65' title='bbox 615 1401 644 1452; x_wconf 89' lang='lat' dir='ltr'>et</span> <span class='ocrx_word' id='word_1_66' title='bbox 667 1408 760 1471; x_wconf 91' lang='lat' dir='ltr'>prono</span> <span class='ocrx_word' id='word_1_67' title='bbox 781 1391 906 1470; x_wconf 86' lang='lat' dir='ltr'>virgulta</span> <span class='ocrx_word' id='word_1_68' title='bbox 927 1390 1062 1470; x_wconf 77' lang='lat' dir='ltr'>refringit</span> 
     </span>
     <span class='ocr_line' id='line_1_12' title="bbox 280 1475 1099 1553; baseline 0.001 -18"><span class='ocrx_word' id='word_1_69' title='bbox 280 1475 420 1545; x_wconf 89' lang='lat' dir='ltr'>Pectore;</span> <span class='ocrx_word' id='word_1_70' title='bbox 442 1476 489 1538; x_wconf 88' lang='lat' dir='ltr'>dat</span> <span class='ocrx_word' id='word_1_71' title='bbox 510 1475 641 1537; x_wconf 89' lang='lat' dir='ltr'>stimulos</span> <span class='ocrx_word' id='word_1_72' title='bbox 661 1477 754 1537; x_wconf 87' lang='lat' dir='ltr'>animo</span> <span class='ocrx_word' id='word_1_73' title='bbox 776 1476 822 1536; x_wconf 85' lang='lat' dir='ltr'>ris</span> <span class='ocrx_word' id='word_1_74' title='bbox 844 1485 956 1537; x_wconf 87' lang='lat' dir='ltr'>moesta</span> <span class='ocrx_word' id='word_1_75' title='bbox 978 1477 1099 1553; x_wconf 69' lang='lat' dir='ltr'>timoris,</span> 
     </span>
     <span class='ocr_line' id='line_1_13' title="bbox 280 1559 939 1639; baseline 0.002 -20"><span class='ocrx_word' id='word_1_76' title='bbox 280 1559 384 1620; x_wconf 86' lang='lat' dir='ltr'>Donec</span> <span class='ocrx_word' id='word_1_77' title='bbox 407 1560 443 1621; x_wconf 90' lang='lat' dir='ltr'>ab</span> <span class='ocrx_word' id='word_1_78' title='bbox 464 1561 589 1622; x_wconf 91' lang='lat' dir='ltr'>luaobiis</span> <span class='ocrx_word' id='word_1_79' title='bbox 606 1562 684 1623; x_wconf 82' lang='lat' dir='ltr'>vieta</span> <span class='ocrx_word' id='word_1_80' title='bbox 707 1559 831 1639; x_wconf 88' lang='lat' dir='ltr'>caligine</span> <span class='ocrx_word' id='word_1_81' title='bbox 852 1562 939 1621; x_wconf 87' lang='lat' dir='ltr'>tectis</span> 
     </span>
     <span class='ocr_line' id='line_1_14' title="bbox 279 1643 990 1708; baseline 0 -4"><span class='ocrx_word' id='word_1_82' title='bbox 279 1643 404 1705; x_wconf 86' lang='lat' dir='ltr'>Emicuit</span> <span class='ocrx_word' id='word_1_83' title='bbox 426 1646 521 1706; x_wconf 87' lang='lat' dir='ltr'>lucem</span> <span class='ocrx_word' id='word_1_84' title='bbox 544 1644 658 1708; x_wconf 86' lang='lat' dir='ltr'>devexa</span> <span class='ocrx_word' id='word_1_85' title='bbox 679 1647 708 1705; x_wconf 96' lang='lat' dir='ltr'>in</span> <span class='ocrx_word' id='word_1_86' title='bbox 729 1647 843 1708; x_wconf 90' lang='lat' dir='ltr'>moenia</span> <span class='ocrx_word' id='word_1_87' title='bbox 866 1645 990 1706; x_wconf 86' lang='lat' dir='ltr'>frundeus</span> 
     </span>
     <span class='ocr_line' id='line_1_15' title="bbox 278 1728 989 1810; baseline -0.001 -19"><span class='ocrx_word' id='word_1_88' title='bbox 278 1728 448 1791; x_wconf 83' lang='lat' dir='ltr'>Larissaeus</span> <span class='ocrx_word' id='word_1_89' title='bbox 471 1749 557 1810; x_wconf 85' lang='lat' dir='ltr'>apex.</span> <span class='ocrx_word' id='word_1_90' title='bbox 602 1729 657 1792; x_wconf 95' lang='lat' dir='ltr'>lllo</span> <span class='ocrx_word' id='word_1_91' title='bbox 679 1748 734 1810; x_wconf 87' lang='lat' dir='ltr'>spe</span> <span class='ocrx_word' id='word_1_92' title='bbox 757 1733 890 1791; x_wconf 90' lang='lat' dir='ltr'>concitus</span> <span class='ocrx_word' id='word_1_93' title='bbox 913 1731 989 1791; x_wconf 89' lang='lat' dir='ltr'>omni</span> 
     </span>
     <span class='ocr_line' id='line_1_16' title="bbox 279 1812 1081 1895; baseline 0.001 -21"><span class='ocrx_word' id='word_1_94' title='bbox 279 1812 402 1883; x_wconf 89' lang='lat' dir='ltr'>Evolat;</span> <span class='ocrx_word' id='word_1_95' title='bbox 426 1814 492 1876; x_wconf 87' lang='lat' dir='ltr'>binc</span> <span class='ocrx_word' id='word_1_96' title='bbox 516 1815 615 1878; x_wconf 88' lang='lat' dir='ltr'>celsae</span> <span class='ocrx_word' id='word_1_97' title='bbox 638 1815 755 1876; x_wconf 90' lang='lat' dir='ltr'>Iunonis</span> <span class='ocrx_word' id='word_1_98' title='bbox 774 1815 883 1895; x_wconf 90' lang='lat' dir='ltr'>templa</span> <span class='ocrx_word' id='word_1_99' title='bbox 904 1814 1081 1891; x_wconf 73' lang='lat' dir='ltr'>Prosymnae</span> 
     </span>
     <span class='ocr_line' id='line_1_17' title="bbox 277 1898 1044 1979; baseline 0.003 -22"><span class='ocrx_word' id='word_1_100' title='bbox 277 1898 392 1959; x_wconf 87' lang='lat' dir='ltr'>Laevus</span> <span class='ocrx_word' id='word_1_101' title='bbox 413 1899 517 1978; x_wconf 82' lang='lat' dir='ltr'>babet,</span> <span class='ocrx_word' id='word_1_102' title='bbox 539 1900 606 1961; x_wconf 91' lang='lat' dir='ltr'>binc</span> <span class='ocrx_word' id='word_1_103' title='bbox 626 1900 774 1961; x_wconf 88' lang='lat' dir='ltr'>Herculeo</span> <span class='ocrx_word' id='word_1_104' title='bbox 797 1902 909 1979; x_wconf 85' lang='lat' dir='ltr'>signata</span> <span class='ocrx_word' id='word_1_105' title='bbox 932 1916 1044 1978; x_wconf 86' lang='lat' dir='ltr'>vapore</span> 
     </span>
     <span class='ocr_line' id='line_1_18' title="bbox 277 1982 1059 2064; baseline 0.003 -22"><span class='ocrx_word' id='word_1_106' title='bbox 277 1982 401 2044; x_wconf 87' lang='lat' dir='ltr'>Lernaei</span> <span class='ocrx_word' id='word_1_107' title='bbox 424 1994 525 2062; x_wconf 89' lang='lat' dir='ltr'>stagna</span> <span class='ocrx_word' id='word_1_108' title='bbox 548 1995 610 2046; x_wconf 87' lang='lat' dir='ltr'>atra</span> <span class='ocrx_word' id='word_1_109' title='bbox 631 1986 714 2062; x_wconf 86' lang='lat' dir='ltr'>vadi,</span> <span class='ocrx_word' id='word_1_110' title='bbox 737 1985 912 2064; x_wconf 89' lang='lat' dir='ltr'>tandemque</span> <span class='ocrx_word' id='word_1_111' title='bbox 933 1984 1059 2046; x_wconf 90' lang='lat' dir='ltr'>reclusis</span> 
     </span>
     <span class='ocr_line' id='line_1_19' title="bbox 278 2067 894 2148; baseline 0.002 -20"><span class='ocrx_word' id='word_1_112' title='bbox 278 2067 405 2129; x_wconf 86' lang='lat' dir='ltr'>luiertur</span> <span class='ocrx_word' id='word_1_113' title='bbox 425 2070 532 2148; x_wconf 85' lang='lat' dir='ltr'>portis,</span> <span class='ocrx_word' id='word_1_114' title='bbox 554 2079 680 2132; x_wconf 89' lang='lat' dir='ltr'>actutum</span> <span class='ocrx_word' id='word_1_115' title='bbox 696 2069 779 2148; x_wconf 88' lang='lat' dir='ltr'>regia</span> <span class='ocrx_word' id='word_1_116' title='bbox 801 2071 894 2130; x_wconf 87' lang='lat' dir='ltr'>cernit</span> 
     </span>
     <span class='ocr_line' id='line_1_20' title="bbox 277 2152 1048 2233; baseline 0.001 -22"><span class='ocrx_word' id='word_1_117' title='bbox 277 2152 446 2221; x_wconf 79' lang='lat' dir='ltr'>Vestibula:</span> <span class='ocrx_word' id='word_1_118' title='bbox 469 2153 517 2213; x_wconf 90' lang='lat' dir='ltr'>hic</span> <span class='ocrx_word' id='word_1_119' title='bbox 541 2163 621 2215; x_wconf 88' lang='lat' dir='ltr'>artus</span> <span class='ocrx_word' id='word_1_120' title='bbox 640 2153 725 2214; x_wconf 90' lang='lat' dir='ltr'>imbri</span> <span class='ocrx_word' id='word_1_121' title='bbox 745 2163 894 2233; x_wconf 80' lang='lat' dir='ltr'>ventoque</span> <span class='ocrx_word' id='word_1_122' title='bbox 916 2154 1048 2230; x_wconf 82' lang='lat' dir='ltr'>rigentes</span> 
     </span>
     <span class='ocr_line' id='line_1_21' title="bbox 277 2236 993 2318; baseline 0 -22"><span class='ocrx_word' id='word_1_123' title='bbox 277 2236 385 2298; x_wconf 90' lang='lat' dir='ltr'>Proicit</span> <span class='ocrx_word' id='word_1_124' title='bbox 407 2239 585 2318; x_wconf 85' lang='lat' dir='ltr'>ignotaeque</span> <span class='ocrx_word' id='word_1_125' title='bbox 607 2238 728 2299; x_wconf 88' lang='lat' dir='ltr'>acclinis</span> <span class='ocrx_word' id='word_1_126' title='bbox 751 2237 885 2316; x_wconf 89' lang='lat' dir='ltr'>postibus</span> <span class='ocrx_word' id='word_1_127' title='bbox 908 2237 993 2298; x_wconf 88' lang='lat' dir='ltr'>aulae</span> 
     </span>
     <span class='ocr_line' id='line_1_22' title="bbox 276 2320 939 2384; baseline 0.002 -4"><span class='ocrx_word' id='word_1_128' title='bbox 276 2320 379 2382; x_wconf 86' lang='lat' dir='ltr'>Invitat</span> <span class='ocrx_word' id='word_1_129' title='bbox 401 2331 505 2383; x_wconf 87' lang='lat' dir='ltr'>tenues</span> <span class='ocrx_word' id='word_1_130' title='bbox 527 2323 563 2383; x_wconf 85' lang='lat' dir='ltr'>ad</span> <span class='ocrx_word' id='word_1_131' title='bbox 587 2323 658 2384; x_wconf 90' lang='lat' dir='ltr'>dura</span> <span class='ocrx_word' id='word_1_132' title='bbox 680 2322 789 2383; x_wconf 91' lang='lat' dir='ltr'>cubilia</span> <span class='ocrx_word' id='word_1_133' title='bbox 810 2338 939 2382; x_wconf 88' lang='lat' dir='ltr'>somnos.</span> 
     </span>
     <span class='ocr_line' id='line_1_23' title="bbox 340 2405 1049 2486; baseline -0.003 -19"><span class='ocrx_word' id='word_1_134' title='bbox 340 2405 405 2467; x_wconf 85' lang='lat' dir='ltr'>Rex</span> <span class='ocrx_word' id='word_1_135' title='bbox 426 2407 466 2468; x_wconf 92' lang='lat' dir='ltr'>ibi</span> <span class='ocrx_word' id='word_1_136' title='bbox 487 2407 660 2486; x_wconf 82' lang='lat' dir='ltr'>tranquillae</span> <span class='ocrx_word' id='word_1_137' title='bbox 682 2407 778 2468; x_wconf 88' lang='lat' dir='ltr'>medio</span> <span class='ocrx_word' id='word_1_138' title='bbox 802 2408 839 2468; x_wconf 88' lang='lat' dir='ltr'>de</span> <span class='ocrx_word' id='word_1_139' title='bbox 859 2407 949 2467; x_wconf 88' lang='lat' dir='ltr'>limite</span> <span class='ocrx_word' id='word_1_140' title='bbox 972 2407 1049 2466; x_wconf 83' lang='lat' dir='ltr'>vitae</span> 
     </span>
     <span class='ocr_line' id='line_1_24' title="bbox 278 2490 1067 2574; baseline 0.001 -24"><span class='ocrx_word' id='word_1_141' title='bbox 278 2491 309 2551; x_wconf 96' lang='lat' dir='ltr'>ln</span> <span class='ocrx_word' id='word_1_142' title='bbox 333 2494 444 2553; x_wconf 88' lang='lat' dir='ltr'>senium</span> <span class='ocrx_word' id='word_1_143' title='bbox 466 2511 596 2572; x_wconf 85' lang='lat' dir='ltr'>vergens</span> <span class='ocrx_word' id='word_1_144' title='bbox 619 2493 745 2574; x_wconf 94' lang='lat' dir='ltr'>populos</span> <span class='ocrx_word' id='word_1_145' title='bbox 765 2491 908 2553; x_wconf 78' lang='lat' dir='ltr'>Adrastus</span> <span class='ocrx_word' id='word_1_146' title='bbox 930 2490 1067 2567; x_wconf 86' lang='lat' dir='ltr'>babebat,</span> 
     </span>
     <span class='ocr_line' id='line_1_25' title="bbox 277 2577 1132 2658; baseline -0.002 -22"><span class='ocrx_word' id='word_1_147' title='bbox 277 2577 367 2637; x_wconf 88' lang='lat' dir='ltr'>Dives</span> <span class='ocrx_word' id='word_1_148' title='bbox 388 2579 449 2638; x_wconf 88' lang='lat' dir='ltr'>avis</span> <span class='ocrx_word' id='word_1_149' title='bbox 471 2587 501 2638; x_wconf 91' lang='lat' dir='ltr'>et</span> <span class='ocrx_word' id='word_1_150' title='bbox 521 2588 647 2658; x_wconf 88' lang='lat' dir='ltr'>utroque</span> <span class='ocrx_word' id='word_1_151' title='bbox 665 2578 768 2639; x_wconf 86' lang='lat' dir='ltr'>lovem</span> <span class='ocrx_word' id='word_1_152' title='bbox 791 2577 827 2639; x_wconf 89' lang='lat' dir='ltr'>de</span> <span class='ocrx_word' id='word_1_153' title='bbox 849 2578 990 2655; x_wconf 90' lang='lat' dir='ltr'>sanguiue</span> <span class='ocrx_word' id='word_1_154' title='bbox 1012 2577 1132 2637; x_wconf 89' lang='lat' dir='ltr'>ducens.</span> 
     </span>
     <span class='ocr_line' id='line_1_26' title="bbox 275 2661 1027 2743; baseline 0.001 -23"><span class='ocrx_word' id='word_1_155' title='bbox 275 2661 329 2721; x_wconf 89' lang='lat' dir='ltr'>llio</span> <span class='ocrx_word' id='word_1_156' title='bbox 349 2681 437 2722; x_wconf 89' lang='lat' dir='ltr'>sexus</span> <span class='ocrx_word' id='word_1_157' title='bbox 457 2663 586 2724; x_wconf 90' lang='lat' dir='ltr'>melioris</span> <span class='ocrx_word' id='word_1_158' title='bbox 607 2665 710 2743; x_wconf 88' lang='lat' dir='ltr'>inops,</span> <span class='ocrx_word' id='word_1_159' title='bbox 733 2662 787 2723; x_wconf 85' lang='lat' dir='ltr'>red</span> <span class='ocrx_word' id='word_1_160' title='bbox 808 2663 894 2743; x_wconf 89' lang='lat' dir='ltr'>prole</span> <span class='ocrx_word' id='word_1_161' title='bbox 913 2661 1027 2723; x_wconf 82' lang='lat' dir='ltr'>virebat</span> 
     </span>
     <span class='ocr_line' id='line_1_27' title="bbox 275 2745 986 2827; baseline 0.008 -22"><span class='ocrx_word' id='word_1_162' title='bbox 275 2745 431 2823; x_wconf 83' lang='lat' dir='ltr'>Feminea,</span> <span class='ocrx_word' id='word_1_163' title='bbox 453 2749 570 2825; x_wconf 86' lang='lat' dir='ltr'>gemino</span> <span class='ocrx_word' id='word_1_164' title='bbox 592 2758 722 2810; x_wconf 88' lang='lat' dir='ltr'>natarum</span> <span class='ocrx_word' id='word_1_165' title='bbox 742 2749 868 2827; x_wconf 88' lang='lat' dir='ltr'>pignore</span> <span class='ocrx_word' id='word_1_166' title='bbox 888 2747 986 2811; x_wconf 82' lang='lat' dir='ltr'>fultus.</span> 
     </span>
     <span class='ocr_line' id='line_1_28' title="bbox 276 2829 1276 2910; baseline 0.002 -21"><span class='ocrx_word' id='word_1_167' title='bbox 276 2829 330 2890; x_wconf 87' lang='lat' dir='ltr'>Cui</span> <span class='ocrx_word' id='word_1_168' title='bbox 351 2830 487 2891; x_wconf 87' lang='lat' dir='ltr'>Phoebus</span> <span class='ocrx_word' id='word_1_169' title='bbox 508 2850 695 2910; x_wconf 77' lang='lat' dir='ltr'>generos·</span> <span class='ocrx_word' id='word_1_170' title='bbox 711 2841 871 2892; x_wconf 85' lang='lat' dir='ltr'>monstrum</span> <span class='ocrx_word' id='word_1_171' title='bbox 893 2829 1043 2892; x_wconf 85' lang='lat' dir='ltr'>exitiabile</span> <span class='ocrx_word' id='word_1_172' title='bbox 1065 2831 1157 2890; x_wconf 83' lang='lat' dir='ltr'>dictur!</span> <span class='ocrx_word' id='word_1_173' title='bbox 1224 2837 1276 2891; x_wconf 79' lang='lat'>395</span> 
     </span>
     <span class='ocr_line' id='line_1_29' title="bbox 275 2913 1048 2993; baseline 0 -21"><span class='ocrx_word' id='word_1_174' title='bbox 275 2914 345 2973; x_wconf 88' lang='lat' dir='ltr'>blox</span> <span class='ocrx_word' id='word_1_175' title='bbox 366 2915 504 2993; x_wconf 90' lang='lat' dir='ltr'>adaperta</span> <span class='ocrx_word' id='word_1_176' title='bbox 526 2915 599 2976; x_wconf 81' lang='lat' dir='ltr'>licles</span> <span class='ocrx_word' id='word_1_177' title='bbox 618 2950 661 2962; x_wconf 85' lang='lat'><em>-</em></span> <span class='ocrx_word' id='word_1_178' title='bbox 680 2933 755 2976; x_wconf 84' lang='lat' dir='ltr'>aeuo</span> <span class='ocrx_word' id='word_1_179' title='bbox 775 2916 901 2976; x_wconf 86' lang='lat' dir='ltr'>ducente</span> <span class='ocrx_word' id='word_1_180' title='bbox 925 2913 1048 2975; x_wconf 89' lang='lat' dir='ltr'>canebat</span> 
     </span>
     <span class='ocr_line' id='line_1_30' title="bbox 245 2984 1139 3087; baseline -0.001 -29"><span class='ocrx_word' id='word_1_181' title='bbox 245 2984 264 3076; x_wconf 85' lang='lat'><em>(</em></span> <span class='ocrx_word' id='word_1_182' title='bbox 276 2999 500 3077; x_wconf 85' lang='lat' dir='ltr'>Setigenumque</span> <span class='ocrx_word' id='word_1_183' title='bbox 523 3016 604 3060; x_wconf 90' lang='lat' dir='ltr'>suem</span> <span class='ocrx_word' id='word_1_184' title='bbox 627 3007 657 3059; x_wconf 89' lang='lat' dir='ltr'>et</span> <span class='ocrx_word' id='word_1_185' title='bbox 678 3000 788 3060; x_wconf 74' lang='lat' dir='ltr'>iulium</span> <span class='ocrx_word' id='word_1_186' title='bbox 809 3000 965 3060; x_wconf 84' lang='lat' dir='ltr'>adventare</span> <span class='ocrx_word' id='word_1_187' title='bbox 988 2986 1139 3087; x_wconf 84' lang='lat' dir='ltr'>leonem.)</span> 
     </span>
     <span class='ocr_line' id='line_1_31' title="bbox 275 3081 1085 3163; baseline -0.001 -21"><span class='ocrx_word' id='word_1_188' title='bbox 275 3082 355 3143; x_wconf 91' lang='lat' dir='ltr'>llaec</span> <span class='ocrx_word' id='word_1_189' title='bbox 377 3084 501 3144; x_wconf 91' lang='lat' dir='ltr'>volvens</span> <span class='ocrx_word' id='word_1_190' title='bbox 521 3101 578 3144; x_wconf 95' lang='lat' dir='ltr'>non</span> <span class='ocrx_word' id='word_1_191' title='bbox 600 3085 664 3163; x_wconf 89' lang='lat' dir='ltr'>ipse</span> <span class='ocrx_word' id='word_1_192' title='bbox 684 3093 784 3162; x_wconf 85' lang='lat' dir='ltr'>pater,</span> <span class='ocrx_word' id='word_1_193' title='bbox 807 3084 974 3144; x_wconf 84' lang='lat' dir='ltr'>non&#39;doote</span> <span class='ocrx_word' id='word_1_194' title='bbox 998 3081 1085 3142; x_wconf 81' lang='lat' dir='ltr'>luituri</span> 
     </span>
     <span class='ocr_line' id='line_1_32' title="bbox 275 3165 1067 3247; baseline 0 -21"><span class='ocrx_word' id='word_1_195' title='bbox 275 3167 451 3247; x_wconf 81' lang='lat' dir='ltr'>Amphiarae</span> <span class='ocrx_word' id='word_1_196' title='bbox 472 3168 573 3247; x_wconf 82' lang='lat' dir='ltr'>vides,</span> <span class='ocrx_word' id='word_1_197' title='bbox 595 3168 702 3229; x_wconf 88' lang='lat' dir='ltr'>etenim</span> <span class='ocrx_word' id='word_1_198' title='bbox 723 3176 803 3230; x_wconf 81' lang='lat' dir='ltr'>uetat</span> <span class='ocrx_word' id='word_1_199' title='bbox 823 3172 932 3230; x_wconf 82' lang='lat' dir='ltr'>auotor&#39;</span> <span class='ocrx_word' id='word_1_200' title='bbox 947 3165 1067 3246; x_wconf 89' lang='lat' dir='ltr'>Apollo.</span> 
     </span>
     <span class='ocr_line' id='line_1_33' title="bbox 276 3252 1274 3332; baseline 0.002 -20"><span class='ocrx_word' id='word_1_201' title='bbox 276 3253 395 3312; x_wconf 88' lang='lat' dir='ltr'>Tantum</span> <span class='ocrx_word' id='word_1_202' title='bbox 416 3256 444 3314; x_wconf 95' lang='lat' dir='ltr'>in</span> <span class='ocrx_word' id='word_1_203' title='bbox 464 3252 554 3314; x_wconf 88' lang='lat' dir='ltr'>corde</span> <span class='ocrx_word' id='word_1_204' title='bbox 577 3253 685 3314; x_wconf 87' lang='lat' dir='ltr'>sedens</span> <span class='ocrx_word' id='word_1_205' title='bbox 705 3256 854 3331; x_wconf 82' lang='lat' dir='ltr'>aegrescit</span> <span class='ocrx_word' id='word_1_206' title='bbox 877 3271 945 3313; x_wconf 90' lang='lat' dir='ltr'>cura</span> <span class='ocrx_word' id='word_1_207' title='bbox 965 3254 1104 3332; x_wconf 79' lang='lat' dir='ltr'>parentis.</span> <span class='ocrx_word' id='word_1_208' title='bbox 1221 3261 1274 3314; x_wconf 74' lang='lat' dir='ltr'>loo</span> 
     </span>
     <span class='ocr_line' id='line_1_34' title="bbox 337 3337 1248 3417; baseline -0.004 -19"><span class='ocrx_word' id='word_1_209' title='bbox 337 3337 418 3399; x_wconf 91' lang='lat' dir='ltr'>Ecce</span> <span class='ocrx_word' id='word_1_210' title='bbox 439 3349 533 3399; x_wconf 89' lang='lat' dir='ltr'>autem</span> <span class='ocrx_word' id='word_1_211' title='bbox 552 3339 697 3417; x_wconf 89' lang='lat' dir='ltr'>antiquam</span> <span class='ocrx_word' id='word_1_212' title='bbox 715 3339 775 3400; x_wconf 84' lang='lat' dir='ltr'>lato</span> <span class='ocrx_word' id='word_1_213' title='bbox 797 3337 945 3416; x_wconf 80' lang='lat' dir='ltr'>Calydona</span> <span class='ocrx_word' id='word_1_214' title='bbox 969 3337 1137 3417; x_wconf 88' lang='lat' dir='ltr'>relinquens</span> <span class='ocrx_word' id='word_1_215' title='bbox 1229 3358 1248 3394; x_wconf 74' lang='grc' dir='ltr'>ι</span> 
     </span>
     <span class='ocr_line' id='line_1_35' title="bbox 275 3422 1005 3503; baseline 0.004 -24"><span class='ocrx_word' id='word_1_216' title='bbox 275 3422 394 3483; x_wconf 81' lang='lat' dir='ltr'>Olenius</span> <span class='ocrx_word' id='word_1_217' title='bbox 417 3422 536 3500; x_wconf 73' lang='lat' dir='ltr'>Tydeus</span> <span class='ocrx_word' id='word_1_218' title='bbox 558 3458 600 3470; x_wconf 92' lang='lat'>—-</span> <span class='ocrx_word' id='word_1_219' title='bbox 621 3424 740 3484; x_wconf 78' lang='lat' dir='ltr'>fraterni</span> <span class='ocrx_word' id='word_1_220' title='bbox 759 3425 906 3503; x_wconf 85' lang='lat' dir='ltr'>sanguinis</span> <span class='ocrx_word' id='word_1_221' title='bbox 925 3422 1005 3484; x_wconf 89' lang='lat' dir='ltr'>illum</span> 
     </span>
     <span class='ocr_line' id='line_1_36' title="bbox 275 3506 1124 3587; baseline -0.004 -20"><span class='ocrx_word' id='word_1_222' title='bbox 275 3506 417 3568; x_wconf 86' lang='lat' dir='ltr'>Conscius</span> <span class='ocrx_word' id='word_1_223' title='bbox 440 3508 545 3569; x_wconf 87' lang='lat' dir='ltr'>horror</span> <span class='ocrx_word' id='word_1_224' title='bbox 566 3510 626 3587; x_wconf 90' lang='lat' dir='ltr'>agit</span> <span class='ocrx_word' id='word_1_225' title='bbox 648 3542 689 3554; x_wconf 86' lang='lat'>-</span> <span class='ocrx_word' id='word_1_226' title='bbox 711 3509 813 3569; x_wconf 86' lang='lat' dir='ltr'>eadem</span> <span class='ocrx_word' id='word_1_227' title='bbox 835 3508 888 3569; x_wconf 89' lang='lat' dir='ltr'>sub</span> <span class='ocrx_word' id='word_1_228' title='bbox 906 3517 994 3569; x_wconf 85' lang='lat' dir='ltr'>nocte</span> <span class='ocrx_word' id='word_1_229' title='bbox 1015 3522 1124 3587; x_wconf 88' lang='lat' dir='ltr'>sopora</span> 
     </span>
    </p>
   </div>
   <div class='ocr_carea' id='block_1_3' title="bbox 272 3590 1273 3758">
    <p class='ocr_par' dir='ltr' id='par_1_3' title="bbox 272 3590 1273 3758">
     <span class='ocr_line' id='line_1_37' title="bbox 272 3590 1161 3674; baseline -0.003 -22"><span class='ocrx_word' id='word_1_230' title='bbox 272 3592 374 3652; x_wconf 88' lang='lat' dir='ltr'>Lustra</span> <span class='ocrx_word' id='word_1_231' title='bbox 396 3594 482 3669; x_wconf 79' lang='lat' dir='ltr'>terit,</span> <span class='ocrx_word' id='word_1_232' title='bbox 504 3594 673 3673; x_wconf 85' lang='lat' dir='ltr'>similesque</span> <span class='ocrx_word' id='word_1_233' title='bbox 695 3592 789 3654; x_wconf 91' lang='lat' dir='ltr'>Notos</span> <span class='ocrx_word' id='word_1_234' title='bbox 812 3595 971 3674; x_wconf 87' lang='lat' dir='ltr'>dequestus</span> <span class='ocrx_word' id='word_1_235' title='bbox 992 3600 1023 3654; x_wconf 85' lang='lat' dir='ltr'>et</span> <span class='ocrx_word' id='word_1_236' title='bbox 1044 3590 1161 3665; x_wconf 83' lang='lat' dir='ltr'>imbres,</span> 
     </span>
     <span class='ocr_line' id='line_1_38' title="bbox 273 3676 1273 3758; baseline 0 -21"><span class='ocrx_word' id='word_1_237' title='bbox 273 3677 401 3738; x_wconf 82' lang='lat' dir='ltr'>Infusum</span> <span class='ocrx_word' id='word_1_238' title='bbox 419 3686 504 3755; x_wconf 86' lang='lat' dir='ltr'>tergo</span> <span class='ocrx_word' id='word_1_239' title='bbox 526 3679 651 3757; x_wconf 87' lang='lat' dir='ltr'>glaciem</span> <span class='ocrx_word' id='word_1_240' title='bbox 675 3688 705 3739; x_wconf 88' lang='lat' dir='ltr'>et</span> <span class='ocrx_word' id='word_1_241' title='bbox 724 3680 861 3758; x_wconf 88' lang='lat' dir='ltr'>liquentia</span> <span class='ocrx_word' id='word_1_242' title='bbox 883 3676 986 3739; x_wconf 87' lang='lat' dir='ltr'>nimbis</span> <span class='ocrx_word' id='word_1_243' title='bbox 1214 3682 1273 3748; x_wconf 21' lang='lat'>⁴4⁰5</span> 
     </span>
    </p>
   </div>
   <div class='ocr_carea' id='block_1_4' title="bbox 274 3761 1106 3906">
    <p class='ocr_par' dir='ltr' id='par_1_4' title="bbox 274 3761 1106 3906">
     <span class='ocr_line' id='line_1_39' title="bbox 274 3761 1106 3906; baseline 0.001 -86"><span class='ocrx_word' id='word_1_244' title='bbox 274 3761 332 3824; x_wconf 88' lang='lat' dir='ltr'>Ora</span> <span class='ocrx_word' id='word_1_245' title='bbox 352 3779 510 3843; x_wconf 87' lang='lat' dir='ltr'>comasque</span> <span class='ocrx_word' id='word_1_246' title='bbox 531 3766 639 3843; x_wconf 81' lang='lat' dir='ltr'>gereni</span> <span class='ocrx_word' id='word_1_247' title='bbox 662 3763 740 3826; x_wconf 88' lang='lat' dir='ltr'>subit</span> <span class='ocrx_word' id='word_1_248' title='bbox 762 3782 820 3825; x_wconf 94' lang='lat' dir='ltr'>uuo</span> <span class='ocrx_word' id='word_1_249' title='bbox 842 3765 996 3843; x_wconf 81' lang='lat' dir='ltr'>togmiue‚&#39;</span> <span class='ocrx_word' id='word_1_250' title='bbox 1011 3764 1106 3906; x_wconf 49' lang='lat' dir='ltr'>cuiqs*</span> 
     </span>
    </p>
   </div>
   <div class='ocr_carea' id='block_1_5' title="bbox 0 0 1572 4434">
    <p class='ocr_par' dir='ltr' id='par_1_5' title="bbox 0 0 1572 4434">
     <span class='ocr_line' id='line_1_40' title="bbox 0 0 1572 4434; baseline 0 3"><span class='ocrx_word' id='word_1_251' title='bbox 0 0 1572 4434; x_wconf 95' lang='lat' dir='ltr'> </span> 
     </span>
    </p>
   </div>
  </div>
 </body>
</html>
