3134 4434
316 412 357 476 80
668 425 982 477 maurmunsnarn

314 579 466 660 Lcngaeui
484 599 539 643 rex
556 580 632 643 vatis
653 597 741 662 opem
762 583 960 664 tenebrasque
983 602 1106 662 sagaces

316 668 465 744 Tiresiae,
487 667 536 747 qui
557 683 620 727 mos
634 667 755 730 incerta
776 669 965 748 paventibus,
987 687 1078 746 aeger

317 751 460 813 Consulit.
493 750 548 813 Ille
569 751 644 813 deos
665 769 723 813 non
743 752 826 832 larga
848 753 939 814 caede
957 755 1121 830 iuvencum,

315 836 382 897 Non
403 836 492 896 alacri
513 853 608 917 penna
630 847 678 899 aut
696 856 799 899 verum
816 837 992 918 spirantibus
1010 840 1097 914 extis,
1271 851 1324 906 410

316 920 381 982 Nec
402 922 518 1000 tripode
538 921 668 1001 inplicito
690 923 875 1003 numerisque
899 923 1086 1002 sequentibus
1106 932 1196 1001 astra,

318 1006 413 1067 'lurea
433 1025 489 1066 nec
507 1016 595 1087 supra
616 1007 755 1068 volitante
774 1005 876 1069 altaria
894 1006 984 1083 fumo,

318 1091 388 1152 'lam
411 1092 544 1170 penitus,
567 1090 655 1153 durae
678 1110 763 1171 quam
782 1094 883 1153 mortis
906 1091 994 1152 limite
1016 1109 1117 1153 manes

316 1175 440 1237 Elicitos
462 1177 591 1255 patuisse
612 1177 721 1253 refert,
742 1176 927 1255 Lethaeaque
949 1195 1033 1236 sacra

316 1259 355 1321 llt
376 1279 502 1320 mersum
522 1257 629 1322 Ismeni
651 1260 751 1322 subter
772 1261 896 1322 confinia
917 1270 1006 1341 punto
1268 1275 1322 1329 415

315 1344 466 1406 Miscentis
488 1354 571 1425 parat
592 1355 658 1406 ante
680 1346 803 1423 ducent,
825 1347 992 1425 circumque
1014 1345 1160 1406 bidentum

316 1429 488 1491 Visceribus
510 1429 635 1508 laceris,
658 1440 688 1492 et
709 1431 793 1493 odori
815 1431 934 1492 sulfuris
955 1448 1024 1492 aura

317 1513 557 1594 Graminibnsque
577 1516 661 1577 novis
682 1524 712 1576 et
732 1515 823 1594 longo
846 1533 988 1576 murmure
1009 1524 1122 1595 purgat.

289 1616 299 1670 ,1
381 1599 460 1660 Silva
483 1618 576 1679 capax
597 1601 663 1661 aevi
682 1599 838 1680 validaque
860 1601 978 1661 incurva
997 1608 1128 1676 senecta,

286 1687 292 1757 ξ
316 1687 474 1746 Aeternum
496 1685 629 1746 intonsae
645 1685 774 1762 frondis,
797 1694 854 1747 stat
875 1687 976 1764 pervia
997 1684 1083 1745 nullis
1266 1697 1321 1752 420

317 1768 449 1838 Solibus;
471 1768 546 1830 baud
568 1769 647 1830 illam
667 1769 787 1830 brumae
807 1771 953 1846 minuere,
975 1768 1105 1830 Notusve

316 1853 488 1930 lustrabor,
511 1862 561 1915 aut
581 1853 683 1916 Getica
700 1854 812 1915 Boreas
833 1855 966 1934 inpactus
986 1854 1022 1915 ab
1043 1872 1120 1914 ursa.

277 1951 282 2025 -j
316 1938 424 2001 Subter
444 1956 537 2018 opaca
559 1939 659 2018 quies,
679 1957 848 2020 vacuusque
865 1939 979 2001 silentia
1000 1948 1100 1999 servat

276 2027 280 2096 'j
315 2023 443 2100 Horror,
465 2033 496 2083 et
518 2024 657 2085 exclusae
675 2024 768 2105 pallet
789 2024 864 2086 mala
887 2023 961 2085 lucis
982 2025 1088 2101 imago.

276 2120 280 2175 ἒ,
316 2107 380 2171 Nec
402 2117 482 2169 caret
500 2109 603 2171 umbra
622 2109 697 2188 deo,
719 2110 831 2172 nemori
851 2108 970 2171 Latonia
992 2108 1097 2169 cultrix
1263 2121 1319 2175 425

276 2190 281 2267 ζ
315 2194 452 2263 Additum
474 2192 548 2255 banc
568 2196 673 2275 piceae
696 2195 835 2275 cedrique
859 2203 889 2256 et
909 2192 1018 2255 robore
1040 2194 1068 2253 in
1090 2194 1165 2253 omni

278 2275 282 2292 ⁵
316 2278 452 2340 Efficiam
472 2281 579 2340 sanctis
599 2279 727 2342 occultat
746 2280 820 2340 silva
842 2279 982 2341 tenebris.

276 2322 282 2421 l
314 2363 404 2425 lluius
422 2363 610 2444 inadspectae
629 2364 696 2426 luco
716 2365 842 2425 stridere
859 2364 983 2442 sagittae
1055 2420 1058 2425 .

278 2436 284 2471 ²
315 2447 515 2528 Nocturnique
537 2467 639 2519 eanum
659 2449 802 2526 gemitus,
825 2447 876 2508 ubi
893 2448 991 2508 limina
1010 2449 1104 2527 patrui

278 2551 285 2598 ἢ
315 2532 425 2610 Effugit
449 2533 536 2612 inque
553 2549 648 2594 novae
668 2532 774 2593 melior
793 2531 868 2594 redit
888 2549 940 2592 ora
958 2530 1078 2592 Dianae.
1263 2545 1319 2602 430

280 2642 282 2647 ·
315 2618 372 2678 Ast
393 2616 443 2676 rrbi
463 2615 543 2677 iessa
561 2617 636 2696 iugis
655 2617 816 2696 dulcesque
836 2616 975 2676 altissima
997 2633 1115 2677 somnos

277 2732 284 2773 ι,
315 2701 378 2764 bun
398 2709 512 2777 movet,
532 2698 581 2763 hic
601 2701 661 2763 late
682 2701 785 2762 iaculis
807 2701 914 2762 circum
934 2701 1061 2781 undique
1080 2701 1146 2762 lixis

284 2810 286 2815 ·
314 2784 444 2848 Effusam
460 2784 596 2866 pharetra
618 2786 765 2848 cervicem
787 2795 913 2866 excepta
931 2787 1065 2866 quiescit.

282 2888 288 2951 ⁵.
377 2870 470 2933 Extra
490 2872 602 2933 inmane
625 2879 725 2952 patent
747 2871 833 2933 tellus
854 2870 1012 2948 Mavortia,
1032 2871 1136 2950 campi,

285 2953 1096 3122 ldiiambiallttnltlttltttt⁰
1263 2967 1317 3022 ⁴³⁵

315 3125 413 3185 Ausus
433 3125 547 3187 bumum
568 3146 706 3205 versare,
730 3136 760 3188 et
780 3128 875 3208 putria
898 3128 1038 3204 sanguine
1059 3135 1140 3206 prata

299 3207 414 3278 ·Eruit;
435 3211 568 3288 ingentes
585 3211 688 3273 infelix
709 3221 788 3273 terra
805 3213 941 3276 tumultus

300 3287 400 3373 ¹ljlmcis
422 3294 515 3356 adbuc
536 3296 634 3357 medio
654 3297 777 3377 solaque
800 3298 828 3358 in
849 3306 936 3359 nocte
958 3314 1012 3376 per
1033 3295 1148 3357 umbras

242 3458 247 3465 .
307 3377 451 3458 '.llxpirat‚
471 3381 546 3459 nigri
567 3398 653 3460 quum
670 3400 745 3443 vana
764 3383 794 3443 in
815 3382 930 3463 proelia
952 3389 1074 3459 surgunt
1168 3397 1172 3408 ·
1262 3392 1318 3448 sle

310 3461 508 3551 {ferrigenam
531 3465 605 3543 fugit
625 3467 744 3547 incepto
767 3465 974 3529 tremebundus
997 3465 1033 3527 ab
1055 3482 1125 3527 arro

313 3548 471 3627 Agricola,
494 3551 644 3630 insanique
666 3551 780 3613 domum
802 3551 917 3613 rediere
935 3550 1060 3611 iuvenci.

376 3632 431 3694 llic
452 3636 550 3696 senior
570 3645 654 3696 rates
675 3637 848 3716 -Stygiis
870 3635 1059 3697 accommoda
1079 3635 1187 3713 quippe

313 3714 404 3780 l'erra
426 3720 535 3800 sacris,
558 3722 684 3802 vivoque
706 3721 825 3802 placent
844 3720 907 3783 sula
930 3721 1047 3801 pinguia
1068 3718 1153 3795 tabe,
1176 3754 1218 3765 -·

374 3880 494 3916 A
