3134 4434
308 427 360 505 'oo
546 448 548 453 ’
655 457 687 505 P.
710 457 843 505 eaerum
866 456 983 507 sunan

321 622 360 681 At
381 628 411 678 tu
430 616 520 693 grata
535 611 599 672 deis
620 611 803 693 pulchroque
823 613 945 692 insignis
966 615 1080 676 alumno

320 702 423 766 Misisti
444 699 542 775 Latio,
564 697 679 777 placida
701 716 788 779 quem
809 697 905 759 fronte
925 701 1083 761 ministrnm

319 788 450 868 luppiter
469 784 617 844 Ausonius
638 785 747 863 pariter
768 783 956 864 Romanaque
976 784 1046 846 luno

321 873 492 952 Adspiciunt
514 878 543 929 et
565 870 688 947 uterque
711 868 847 948 probant.
891 868 956 929 Nec
974 879 1051 931 tanta
1073 874 1185 950 potenti

321 959 475 1019 Terrarum
497 953 613 1014 domino
627 953 729 1014 ¹(linum
752 955 815 1014 sine
833 963 929 1014 mente
951 955 1097 1034 voluptas.
1287 969 1322 1022 20

383 1042 495 1102 Dicitur
511 1038 620 1099 Idalios
638 1037 744 1114 Erycis
761 1038 799 1099 de
819 1040 932 1100 vertice
954 1040 1039 1100 lucos
1098 1043 1102 1059 ⁸
1145 1114 1152 1122 ι

318 1129 394 1190 Dum
414 1128 503 1205 petit,
525 1132 555 1183 et
572 1123 684 1183 molles
702 1125 794 1202 agitat
813 1123 913 1185 Venus
936 1143 1024 1186 aurea
1047 1144 1170 1203 cygnos,

319 1215 494 1290 Pergameas
517 1210 641 1269 intrasse
662 1209 780 1286 domos,
799 1207 848 1268 ubi
869 1211 1009 1270 maximus
1028 1212 1126 1289 aegris

320 1297 484 1359 Auxiliator
506 1293 605 1370 adest,
628 1302 657 1353 et
677 1292 843 1354 festinantia
866 1295 972 1355 sistens

233 1404 236 1410 ·
320 1383 391 1443 Fata
412 1379 563 1441 salutifero
583 1379 659 1438 mitis
680 1377 753 1438 deus
775 1378 893 1439 incubat
911 1381 1007 1458 angui.
1285 1394 1319 1445 25

320 1468 376 1528 Hic
397 1482 518 1544 puerum
537 1465 677 1540 egregiae
697 1463 880 1543 praeclarum
901 1464 999 1524 sidere
1019 1464 1130 1526 formae

320 1552 416 1632 Ipsius
439 1557 504 1609 aute
526 1548 574 1608 dei
595 1547 741 1608 ludentem
769 1549 912 1627 conspicit
934 1566 1009 1609 aras.

320 1638 367 1696 Ac
389 1635 509 1714 primum
532 1632 625 1693 subita
647 1632 763 1712 paulum
786 1633 911 1713 decepta
935 1633 1028 1711 ligura

320 1722 460 1782 Natorum
481 1719 517 1779 de
539 1717 629 1798 plebe
649 1726 745 1796 putat;
767 1718 820 1778 sed
841 1736 899 1778 non
918 1728 981 1779 erat
1003 1719 1046 1779 illi

320 1807 415 1866 Arcus
438 1813 467 1864 et
489 1821 527 1863 en
548 1803 674 1862 humeris
695 1802 793 1863 nullae
812 1803 991 1880 fulgentibus
1012 1804 1142 1866 umbrae.
1285 1819 1319 1872 30

319 1890 439 1952 Miratur
461 1886 574 1968 puerile
595 1886 703 1964 decus,
724 1888 894 1968 vultumque
916 1905 1075 1969 comasque

319 1975 495 2054 Adspiciens
538 1971 638 2033 ‘Tune
656 1973 819 2048 Ausonias,
842 1974 897 2049 ait,
920 1973 976 2033 ibis
996 1973 1032 2034 ad
1054 1991 1151 2052 arces,

318 2060 481 2137 Neglectus
500 2054 631 2117 Veneri?
652 2057 695 2116 Tu
718 2058 834 2131 sordida
854 2067 933 2119 tecta
954 2060 1110 2138 iugumque

319 2145 435 2206 Servilii
456 2143 578 2220 vulgare
598 2139 700 2202 feres?
742 2131 850 2203 Procul
871 2141 960 2204 absit:
983 2161 1039 2222 ego
1059 2146 1117 2221 isti,

319 2230 412 2304 Quem
428 2230 542 2305 meruit,
558 2228 670 2288 formae
688 2228 832 2288 dominum
846 2227 932 2288 dabo.
967 2227 1051 2290 Vade
1067 2248 1122 2308 age
1139 2249 1262 2309 mecum,
1285 2244 1319 2297 35

318 2314 418 2390 Vade,
441 2332 530 2393 puer;
559 2313 662 2374 ducam
684 2314 799 2373 volucri
820 2331 875 2393 per
894 2314 990 2375 sidera
1013 2332 1097 2375 curru

318 2400 432 2460 Donum
452 2401 564 2458 inmane
587 2399 669 2474 duci,
692 2407 795 2458 necte
815 2398 933 2477 plebeia
954 2399 1109 2460 manebunt

294 2484 296 2489 ’
319 2484 397 2553 lura3
419 2483 548 2544 Palatino
570 2482 693 2542 famulus
713 2482 832 2543 deberis
854 2483 953 2543 amori.

318 2568 366 2628 Nil
389 2585 464 2645 ego,
485 2568 540 2644 nil,
560 2566 672 2644 fateor,
692 2577 754 2628 toto
775 2577 834 2628 tam
852 2567 939 2628 dulce
961 2567 1015 2629 sub
1038 2568 1111 2629 orbe

319 2653 379 2713 Aut
399 2652 525 2713 vidiant
545 2653 643 2728 genui.
689 2650 781 2713 Cedat
802 2652 856 2713 tibi
872 2653 1006 2730 Latmius,
1020 2653 1098 2713 ultro
1286 2665 1320 2718 40

319 2738 538 2817 Sangariusque
557 2755 647 2816 puer,
671 2755 816 2817 quemque
837 2738 919 2799 inrita
939 2738 1028 2798 fontis
1050 2740 1145 2816 imago

318 2823 360 2885 Et
376 2822 484 2883 sterilis
507 2823 686 2900 consumpsit
705 2839 796 2882 amor.
838 2823 880 2882 Te
904 2823 1022 2884 caerula
1039 2822 1109 2882 Nais

318 2908 419 2970 Mallet
442 2916 471 2968 et
493 2925 639 2987 apprensa
661 2907 800 2968 traxisset
822 2907 926 2968 fortius
946 2925 1027 2968 urna.

320 2994 379 3069 Tu,
397 3012 485 3072 puer,
509 3001 576 3053 ante
597 3010 715 3062 omnes;
737 2993 819 3053 solus
841 2993 998 3055 formosior
1019 2991 1081 3069 ille,

321 3076 373 3136 Cui
392 3077 532 3138 daberis?
574 3079 625 3139 Sic
645 3095 713 3138 orsa
735 3078 820 3138 leves
841 3095 941 3138 secum
961 3080 1025 3157 ipsa
1048 3095 1103 3157 per
1125 3096 1210 3140 auras
1285 3089 1318 3145 45

320 3161 410 3221 Tollit
432 3162 602 3242 olorinaque
624 3162 883 3224 iubet-considere
904 3162 982 3240 biga.

381 3244 445 3306 Nec
466 3264 557 3306 mora.
595 3246 748 3309 lam'latii
766 3248 894 3323 montes,
916 3256 1094 3326 veteresque
1117 3258 1241 3328 penates

320 3329 462 3407 Evandri,
486 3348 560 3410 quos
580 3331 658 3391 mole
679 3349 756 3394 nova
779 3342 863 3413 pater
883 3332 999 3393 inclitus
1021 3330 1102 3413 urbis

320 3415 454 3490 Excolit,
476 3426 505 3476 et
526 3417 642 3479 summis
662 3426 773 3497 aequat¹
789 3417 975 3479 Germanicus
997 3416 1093 3479 astris.

321 3501 402 3561 'lunc
421 3501 543 3580 propior
564 3503 620 3562 iam
642 3520 710 3563 cura
729 3502 822 3580 deae,
842 3521 917 3582 quae
938 3503 1031 3565 forma
1052 3503 1169 3580 capillis
1286 3516 1320 3568 50

323 3585 453 3666 Optima,
477 3603 552 3664 quae
574 3587 793 3650 vestis-roseos
815 3587 980 3648 accendere
1001 3587 1098 3647 vultus

321 3671 415 3751 Apta,
439 3671 516 3752 qnod
538 3672 704 3750 indigitis,
727 3672 808 3733 collo
831 3673 908 3752 quod
930 3673 1044 3751 dignius
1063 3690 1171 3734 aurum.

314 3752 410 3816 Norat
432 3756 581 3819 coelestes
602 3757 706 3819 oculos
728 3758 813 3821 ducis
831 3760 954 3838 ipsaque
969 3759 1083 3822 taedas>
1188 3797 1193 3803 -
1239 3794 1242 3801 ·
