3134 4434
303 455 364 561 1116
640 466 673 514 1².
691 464 830 519 ,esurum
852 463 967 516 suasu

302 621 432 696 Quorum
456 636 516 700 ego
536 629 686 681 manantes
707 619 813 682 oculos
831 629 868 681 ct·
883 619 984 682 saucia
1004 619 1077 679 terei
1193 632 1198 641 ·

300 706 444 784 Pectora,
467 704 582 765 reddite
603 721 691 784 opem
713 703 1046 784 saevasquoexsclvitc
1068 712 1187 780 grates·
1259 714 1311 770 -ss

299 788 439 852 Nimirum
460 807 536 849 nuno
557 798 656 850 vestra
679 790 790 850 domus·
804 788 986 867 egosiunera
1007 797 1166 848 moestus·
1229 840 1236 849 ,
1313 834 1317 841 .

300 874 499 954 lacrepitans,
523 891 599 934 nunc
617 873 719 935 damna
736 873 840 937 dolens
862 872 975 948 alisna,
997 888 1129 952 repoaor
1219 906 1222 911 ·

298 959 406 1020 Infelix
426 958 561 1019 lacrimas
579 966 610 1017 et
630 959 708 1019 mitia
730 956 977 1019 carmina-solvo·
1218 982 1224 989 ·

299 1044 409 1103 Verum
432 1051 510 1111 erat;
533 1040 705 1121 absumptae
725 1043 806 1103 vires
824 1050 859 1103 ,et
879 1041 966 1120 copia
986 1040 1064 1100 iandi

299 1127 386 1189 Nulla
408 1127 491 1202 mibi,
515 1125 689 1204 dignumque
710 1126 780 1187 nibil
801 1143 883 1187 mens
905 1124 1023 1185 fulmine
1045 1134 1123 1185 tanto
1272 1138 1307 1189 5ο

227 1230 232 1239 ·
301 1212 459 1291 Repperit;
481 1210 603 1271 inferior
621 1227 682 1270 vox
703 1211 812 1286 omnis,
835 1206 979 1270 et-omnia
1001 1210 1122 1269 sordent
1206 1246 1214 1259 f

298 1295 409 1367 Verba.
452 1294 597 1372 ignosce,
619 1312 710 1374 puer,
731 1303 761 1354 tu
781 1312 828 1355 me
848 1294 973 1371 caligine
995 1303 1137 1353 moestum

300 1379 407 1441 Obruis
428 1379 478 1439 ab!
500 1379 572 1438 dira.
613 1379 687 1440 Viso
709 1380 753 1440 sic
770 1380 894 1440 vulnere
916 1395 1004 1439 carae

300 1463 458 1542 Coniugis,
480 1462 588 1523 invenit
606 1473 726 1525 caneret
748 1463 825 1542 quod
845 1460 986 1524 'lbracius
1005 1460 1140 1541 Orpheus

300 1548 397 1611 Dulce
421 1548 492 1614 sibi;
516 1548 561 1606 sic
581 1547 666 1609 busta
686 1547 749 1608 Lini
773 1547 945 1626 complexus
966 1545 1076 1626 Apollo
1272 1557 1307 1610 55

299 1633 367 1694 Non
389 1633 487 1692 tacuit.
531 1630 641 1692 Nimius
660 1632 788 1693 fortasse
808 1631 968 1709 avidusque
988 1631 1099 1694 doloris

301 1720 393 1781 Dicar
412 1726 441 1777 et
459 1717 487 1775 in
509 1716 637 1777 lacrimis
657 1717 760 1777 iustum
782 1717 952 1776 excessisse
973 1716 1123 1794 pudorem.

300 1803 439 1878 Quisnam
460 1809 556 1860 autem
577 1801 702 1879 gemitus
722 1801 908 1880 lamentaque
927 1809 1027 1860 nostra
1048 1795 1222 1876 reprendit‘l

303 1886 327 1947 Ο
350 1887 466 1946 nimium
487 1885 577 1962 felix,
599 1887 715 1946 nimium
737 1885 866 1946 crudelis
886 1893 916 1944 ct
937 1902 1046 1964 expers

300 1970 437 2050 Imperii,
457 1968 602 2046 Fortuna,
624 1971 682 2047 tui,
704 1972 752 2048 qui
775 1970 875 2029 dicere
896 1969 995 2047 legem
1273 1978 1309 2031 66

301 2054 434 2118 Fletibus
455 2063 503 2114 aut
525 2053 598 2114 lines
620 2054 706 2115 audet
726 2071 850 2114 censere
873 2052 1006 2114 dolendi!

300 2140 405 2202 lncitat
427 2137 499 2198 beu!
522 2138 672 2216 planctus;
698 2141 796 2218 potius
818 2137 959 2216 fugientia
980 2137 1060 2216 ripas

301 2224 434 2286 Flumina
459 2222 614 2300 devincas,
637 2225 746 2303 rapidis
769 2231 818 2283 aut
839 2220 954 2299 ignibus
975 2221 1087 2295 obstes,

302 2308 394 2383 Quam
414 2307 539 2367 miseros
560 2307 664 2385 lugere
685 2317 781 2368 vetes.
827 2306 936 2367 Tamen
956 2306 1006 2367 illc
1029 2322 1164 2379 seuerus,

303 2391 443 2469 Quisquis
465 2393 489 2450 is
513 2400 573 2467 est,
601 2401 720 2452 nostrae
744 2399 906 2468 cognoscat
927 2391 1048 2451 vulnera
1068 2405 1189 2449 causae.
1275 2399 1309 2451 65

366 2473 432 2534 Non
455 2492 512 2551 cgo
530 2484 676 2535 mercatus
697 2474 802 2535 l’baria
824 2474 861 2534 de
883 2474 961 2553 pube
984 2475 1126 2553 loquaces

298 2559 431 2620 Delicias
451 2558 626 2637 doctumque
649 2560 693 2618 sui
713 2560 846 2619 convicia
864 2557 923 2619 Nili

301 2642 460 2717 lniantem,
486 2643 584 2720 lingua
606 2644 721 2702 nimium
742 2642 912 2721 salibusque
933 2651 1100 2721 protervum

300 2727 411 2788 Dilexi.
456 2724 630 2804 blensille,
653 2745 752 2787 meus:
774 2727 881 2787 tellure
905 2726 1056 2786 cadentem

282 2812 437 2890 .Adspexi
460 2821 489 2872 et
510 2811 635 2871 vinctum
657 2811 778 2890 genitali
800 2811 926 2871 carmine
948 2811 1020 2885 lovi,
1276 2816 1311 2870 'to

301 2896 536 2976 Poscentemque
555 2913 647 2966 novas
668 2896 800 2956 tremulis
820 2894 978 2955 ululatibus
997 2910 1081 2955 auras

302 2978 415 3041 inserui
435 2981 524 3043 vitae.
568 2980 645 3056 Quid
662 2980 728 3060 plus
750 2979 880 3040 tribuere
902 2975 1062 3058 parentes?

304 3063 380 3138 Quin
402 3065 476 3124 alios
497 3073 577 3126 artus
599 3064 823 3143 libertatemque
843 3063 896 3124 sub
919 3064 990 3142 ipsis

303 3147 451 3208 Uberibus
474 3147 542 3225 tibi,
565 3166 674 3228 parve,
696 3150 777 3209 dedi:
802 3157 833 3208 tu
853 3167 972 3208 munera
990 3156 1090 3208 nostra

303 3231 446 3307 Ridebas,
472 3233 601 3311 ingratus
624 3233 727 3294 adbuc.
772 3232 980 3312 Properaverit
1001 3232 1063 3307 ille,
1277 3239 1310 3293 75

303 3315 365 3379 Sed
388 3317 492 3376 merito
513 3316 708 3396 properabat,
731 3334 829 3394 amor,
852 3335 889 3377 ne
908 3317 1046 3396 perderet
1064 3314 1154 3374 ullum

303 3400 438 3462 Libertas
459 3410 516 3460 tam
537 3419 627 3480 parva
646 3401 733 3462 diem.
776 3401 881 3462 Nonne
903 3401 1037 3462 horridus
1060 3403 1141 3478 ipsos

305 3484 415 3546 Invidia
438 3502 564 3564 superos
585 3485 748 3565 iniustaque
771 3495 879 3547 tartara
900 3483 1035 3564 pulsem?

305 3568 410 3630 Nonne
430 3587 544 3647 gemam
564 3578 610 3646 te,
634 3588 703 3630 care
722 3568 816 3650 puer?
840 3587 898 3650 quo
921 3571 1034 3650 sospite
1057 3580 1168 3631 natos·

304 3653 372 3714 Non
393 3655 485 3733 cupii;
509 3656 602 3733 primo
623 3655 751 3732 genitum
770 3655 819 3734 qui
842 3656 973 3734 protinus
995 3664 1060 3715 ortu
1276 3665 1312 3718 80

303 3737 429 3815 implicui
448 3740 557 3821 lixiquc
576 3739 660 3820 mibi,
683 3742 729 3800 cui
751 3739 844 3803 verba
862 3756 1010 3818 sonosque
