3134 4434
562 480 763 529 THEBAIDOS
782 482 853 530 LIB.
871 482 935 530 xn.

290 634 371 697 Mors
390 653 530 716 nusquam
552 654 718 715 saeuusque
741 635 854 709 Creon;
875 637 1001 698 hortaris
1022 647 1147 713 euntem,

292 720 415 782 Ornite.'
453 723 503 782 Sic
521 722 622 782 dicens
643 739 747 800 magno
768 722 918 800 Megareia
936 740 1081 802 praeceps

290 807 368 866 Arva
391 807 466 884 rapit
488 825 592 885 passu,
613 807 791 867 demonstrat
811 810 942 886 proxima
962 809 1091 887 quisquis
1196 798 1204 815 ⁴
1237 816 1291 872 ‘llo

291 890 416 966 Obvius,
438 890 644 970 horrescitque
666 892 779 952 habitus
802 893 994 970 miseramque
1016 902 1145 952 veretur.

288 976 375 1037 Vadit
397 985 481 1035 atrox
502 977 582 1051 risu,
605 975 645 1034 nil
668 978 759 1037 corde
780 995 836 1037 nec
857 995 927 1038 aure
948 995 1123 1055 pavescens,

288 1059 327 1120 Et
348 1061 442 1120 nimiis
465 1061 575 1120 conlisa
595 1061 678 1120 malis
700 1064 881 1140 propiorque
903 1062 1007 1121 timeri.

288 1145 383 1205 Nocte
400 1144 480 1204 velut
499 1145 624 1222 Phrygia
646 1164 732 1224 quum
751 1147 905 1206 lamentata
926 1147 1067 1206 resultant

287 1229 448 1305 Dindyma,
468 1231 592 1309 pinigeri
612 1231 723 1309 rapitur
743 1232 900 1291 Simoentis
918 1232 954 1291 ad
977 1249 1088 1291 amnem
1236 1241 1288 1295 225

288 1313 355 1374 Dux
374 1332 483 1375 vesana
503 1314 602 1390 chori,
626 1316 707 1375 cuius
729 1315 785 1376 dea
802 1317 942 1393 sanguine
965 1315 1044 1376 lecto

288 1398 356 1479 lpsa
375 1398 454 1459 dedit
474 1399 583 1459 ferrum
602 1409 632 1458 et
652 1401 753 1460 vittata
770 1401 867 1460 fronte
887 1401 1007 1461 notavit.

351 1484 411 1544 lam
432 1493 516 1561 pater
534 1483 678 1563 Hesperio
700 1484 869 1562 flagrantem
887 1487 1003 1562 gurgite
1023 1504 1138 1546 currum

287 1568 448 1630 Abdiderat
467 1568 551 1628 Titan
572 1569 638 1628 aliis
657 1569 803 1629 rediturus
825 1568 861 1630 ah
882 1569 976 1644 undis,

289 1653 383 1727 Quum
405 1663 500 1712 tamen
521 1654 571 1713 illa
593 1671 712 1730 gravem
734 1653 814 1714 luctu
838 1654 958 1714 fallente
978 1654 1108 1714 lahorem
1235 1663 1288 1719 230

287 1738 389 1799 Nescit
410 1737 509 1797 abisse
532 1738 622 1808 diem;
643 1756 700 1798 nec
724 1738 914 1816 caligantibus
937 1740 1014 1798 aruis

288 1822 446 1897 Terretur,
470 1841 526 1883 neo
548 1823 654 1899 frangit
675 1824 747 1899 iter,
770 1842 825 1902 per
847 1833 877 1884 et
898 1825 973 1883 invia
995 1842 1065 1885 saxa

285 1907 490 1986 lapsurasque
513 1907 611 1968 trahes
632 1925 839 1986 nemorumque
864 1925 969 1969 arcana
989 1926 1094 1969 sereno

286 1992 378 2069 Nigra
400 1993 448 2052 die
472 1995 629 2069 caecisque
651 1994 742 2052 incisa
763 1993 879 2054 novalia
897 1993 997 2065 fossis,

286 2077 343 2137 Per
365 2077 468 2136 duvios
491 2094 595 2136 secura
616 2077 683 2136 vadi
704 2093 881 2155 somnosque
902 2076 1028 2137 ferarum
1233 2087 1285 2140 235

285 2161 407 2222 Praeter
430 2169 458 2219 et
480 2160 631 2220 horrendis
649 2162 762 2221 insessa
786 2162 891 2221 cubilia
913 2163 1057 2220 monstris.

288 2245 407 2305 Tantum
428 2246 512 2304 animi
532 2245 683 2323 luctusque
702 2246 815 2306 valent!
838 2247 927 2324 pudet
947 2248 990 2305 ire
1010 2245 1166 2305 Menoeten

286 2330 424 2405 Tardius,
445 2330 646 2409 invalidaeque
665 2331 785 2407 gradum
806 2332 923 2390 miratur
943 2331 1083 2391 alumnae.

287 2415 366 2490 Quas
389 2432 446 2474 non
468 2414 517 2474 illa
537 2415 639 2474 domos
657 2432 856 2494 pecorumque
877 2415 1078 2494 hominumque
1097 2413 1229 2474 modesto

285 2499 414 2560 Pulsavit
434 2496 563 2577 gemitu?
586 2501 719 2577 quotiens
740 2501 862 2560 amissus
882 2501 959 2560 eunti
992 2542 995 2548 ·
1231 2508 1283 2560 utu

283 2585 396 2660 Limes,
421 2595 451 2644 et
472 2594 615 2645 errantem
638 2587 752 2645 comitis
772 2585 875 2646 solatia
898 2585 1028 2644 flammae

285 2670 466 2745 Destituunt,
488 2670 664 2748 gelidaeque
686 2670 781 2730 lacem
801 2672 903 2730 vicere
925 2665 1087 2730 tenebrae?

285 2755 403 2833 lamque
426 2756 594 2832 supinantur
614 2755 720 2829 fessis,
742 2754 860 2833 lateque
881 2755 1017 2815 fatiscunt

285 2837 406 2897 Penthei
426 2839 540 2898 devexa
561 2840 637 2916 iugi,
658 2857 742 2916 quum
765 2848 889 2916 pectore
911 2838 1016 2898 anhelo

284 2923 344 2982 laun
363 2939 457 3001 prope
479 2921 621 2981 delicians
641 2924 684 2982 sic
702 2922 819 2983 inchoat
841 2939 908 2983 orsa
925 2920 1093 2981 Menoetes:
1229 2928 1281 2983 245

348 3006 448 3067 ‘llaud
469 3006 591 3085 procul,
616 3007 712 3066 exacti
735 3008 759 3066 si
785 3025 855 3086 spes
876 3024 933 3067 non
955 3005 1061 3067 blanda
1082 3004 1202 3081 laboris,

286 3090 433 3170 Ogygias,
455 3091 562 3169 Argia,
585 3091 688 3152 domos
711 3101 740 3152 et
762 3110 857 3169 egena
879 3091 1007 3171 sepulcri

283 3176 373 3236 Busta
392 3176 491 3236 iacere
513 3193 596 3245 reor;
616 3195 706 3254 grave
727 3179 856 3237 cominus
876 3184 989 3237 aestuat
1008 3193 1060 3236 aer

284 3259 441 3335 Sordidus,
465 3270 494 3321 et
513 3279 635 3339 magnae
655 3263 777 3322 redeunt
798 3280 853 3340 per
874 3263 957 3321 inane
979 3260 1126 3320 volucres.

282 3345 365 3405 Haec
384 3344 434 3405 illa
454 3356 499 3407 est
519 3346 646 3406 crudelis
668 3347 787 3421 humus,
809 3365 864 3406 nec
885 3346 999 3406 moenia
1020 3345 1118 3423 louge.
1226 3354 1279 3406 uto

284 3428 404 3505 Cernis,
422 3441 453 3491 ut
473 3434 607 3509 ingentes
627 3447 773 3491 murorum
793 3432 923 3511 porrigat
944 3429 1060 3490 umbras

284 3513 409 3593 Campus
434 3525 462 3575 et
483 3535 500 3577 e
522 3517 651 3595 speculis
668 3516 795 3576 moriens
815 3516 976 3575 intermicet
997 3513 1093 3592 ignis?

282 3600 398 3660 Moenia
417 3610 481 3660 sunt
502 3601 595 3667 iuxta;
616 3601 704 3660 modo
725 3618 785 3660 nox
802 3601 893 3678 magis
916 3602 979 3678 ipsa
999 3599 1125 3673 tacebat,

282 3685 412 3764 Solaque
434 3688 581 3762 nigrantes
600 3685 736 3746 laxabant
752 3694 830 3745 astra
851 3684 1012 3745 tenebras.’

281 3768 399 3830 Horruit
420 3769 526 3847 Argia,
548 3771 739 3852 dextramque
760 3770 801 3834 ad
819 3771 944 3832 moenia
959 3769 1156 3902 mmq'n*
1253 3761 1320 3807 “³2¹³
