3134 4434
593 467 795 519 mimos
817 468 887 516 mn.
909 468 958 517 xr.
1217 454 1282 519 239

280 628 364 688 Nunc
383 625 461 708 pede
480 636 581 689 torvus
602 626 732 701 humum,
753 642 830 685 nunc
844 624 980 685 cornibus
994 641 1062 684 aere
1078 622 1203 692 lindens;
1231 635 1283 689 255

279 713 388 774 Horret
411 731 498 791 ager,
521 709 713 790 trepidaeque
732 719 893 790 expectant
915 709 1030 790 proelia
1047 709 1153 770 valles.

344 797 408 858 Nec
427 799 531 858 desunt
552 797 616 873 regi
637 797 778 855 comites:
811 795 918 872 ‘Sine,
940 795 1055 854 moenia
1076 795 1175 874 pulset

281 883 400 951 lnritus;
429 882 480 942 ille
501 891 597 942 autem
618 881 719 941 fractis
740 880 798 940 huo
820 879 925 940 audeat
945 896 1039 958 usqne

280 963 420 1028 Viribus?
441 968 489 1029 bic
509 967 623 1026 miseris
643 966 725 1026 ioror
746 973 793 1025 est
813 966 923 1026 instare
945 962 1072 1044 periclo,

281 1052 347 1113 Nec
365 1051 475 1112 librare
496 1060 590 1111 metus
612 1059 642 1110 et
663 1059 734 1110 tuto·
747 1048 862 1118 odisse;
883 1050 991 1110 resiste
1230 1060 1283 1114 too

281 1137 347 1197 Hoc
367 1137 460 1196 fretus
480 1137 573 1212 solio,
597 1152 652 1195 nos
675 1133 909 1214 propulsabimus
930 1133 1055 1194 hostem.

281 1222 343 1281 Hos
364 1220 479 1281 bellare
499 1220 590 1281 iube'
632 1220 837 1299 Sio'proxime
855 1218 955 1295 turba,
978 1218 1032 1280 sed
1054 1220 1160 1280 ardens

281 1306 363 1366 Ecce
384 1305 485 1366 aderet
505 1305 585 1365 luctu
605 1304 794 1383 dicturusque
816 1305 911 1364 omnia
932 1303 1004 1364 belli

280 1390 429 1450 Libertate
454 1387 567 1459 Greom
588 1391 645 1449 urit
666 1389 730 1449 iera
751 1388 842 1450 corda
862 1387 1054 1458 blenoeoeus;

282 1474 369 1534 Nulla
391 1476 465 1554 patri
486 1475 620 1554 requies,
642 1474 723 1534 illum
741 1473 912 1553 quaeritque
928 1482 1077 1552 tenetque.
1231 1483 1282 1537 tot

283 1559 366 1619 lllum
388 1561 566 1637 sanguineos
586 1558 760 1639 prodentem
780 1566 904 1637 pectore
925 1559 1006 1617 rivos

283 1643 418 1723 Adspicit
440 1653 470 1704 et
490 1660 580 1704 sceva
601 1660 720 1724 semper
738 1643 775 1703 de
797 1653 877 1702 turre
896 1643 1058 1704 cadentem.

286 1728 323 1788 Ut
346 1727 468 1789 dubium·
482 1738 512 1788 ct
533 1745 646 1808 pugnas
668 1736 851 1787 cunctantem
868 1725 1013 1788 Eteoclea
1033 1728 1118 1789 uidit:

349 1812 443 1891 ‘lbis,
465 1815 521 1889 ait,
547 1831 644 1893 nequo
666 1820 696 1873 te
715 1813 855 1888 ulterius,
877 1812 1055 1890 fratrumque
1076 1813 1240 1889 ducumque

282 1899 430 1974 Pessime,
451 1897 601 1958 funeribus
622 1899 736 1977 patriae
757 1899 943 1977 lacrimisque
962 1899 1094 1976 potitum,
1230 1901 1283 1958 nto
1351 1890 1369 1911 ⁶

281 1983 472 2044 Eumenidum
493 1982 624 2060 bellique
648 2000 731 2042 reum
751 1983 894 2061 patiemur
914 1982 1006 2042 inulti.

282 2068 336 2129 Set
357 2077 406 2128 tua
427 2084 485 2127 non
502 2069 606 2146 aequis
625 2066 728 2126 luimus
750 2068 878 2145 periuria
897 2067 980 2126 divis.

281 2151 392 2213 Urbem
413 2154 499 2212 armis
521 2151 684 2230 opibusque
704 2168 826 2228 gravem
848 2160 878 2212 et
897 2152 985 2211 modo
1006 2150 1118 2211 civibus
1136 2157 1254 2226 arctam,

284 2235 347 2297 Ceu
369 2236 455 2297 coelo
479 2237 605 2298 demissa
626 2236 692 2296 lues
712 2236 864 2296 inimicare
884 2235 972 2296 tellus

283 2321 425 2399 Hausisti,
447 2338 627 2398 vacuamque
649 2329 746 2380 tamen
766 2319 897 2380 sublimis
918 2317 1096 2381 obumbras?
1231 2325 1282 2380 275

283 2406 377 2466 Deest
399 2407 520 2466 servitio
542 2405 661 2485 plebes;
679 2403 740 2465 -bos
760 2405 836 2483 ignis
855 2415 979 2483 egentes

283 2490 353 2551 Fert
374 2491 491 2567 bumus,
514 2491 569 2551 bos
588 2491 698 2570 pelago
721 2492 832 2570 patrius
853 2491 910 2551 iam
931 2489 1033 2550 detulit
1055 2491 1153 2550 amnis.

282 2575 319 2635 Hi
341 2586 482 2655 quaerunt
503 2587 598 2652 artus,
619 2576 663 2636 illi
684 2574 772 2637 ardua
794 2575 916 2636 vulnere
938 2583 1048 2635 curant.

283 2660 388 2721 Redde
410 2661 533 2738 agedum
555 2662 669 2721 miseris
688 2660 795 2722 iratres
816 2670 960 2739 natosque
985 2669 1155 2741 patresque,

283 2744 388 2804 Redde
409 2747 486 2805 arvis
507 2746 698 2826 domibusque
712 2747 804 2804 viros.
840 2745 897 2805 Ubi
911 2745 1049 2804 maximus
1063 2744 1198 2824 Hypseus
1231 2753 1283 2807 280

283 2827 490 2907 Finitimusque
510 2827 628 2905 Dryas?
649 2829 699 2888 nbi
718 2828 864 2889 Phocidos
885 2845 964 2888 arma
986 2845 1113 2889 sonorae

283 2911 467 2991 Euboicique
488 2911 600 2972 duces?
638 2912 710 2972 lllos
730 2921 827 2973 tamen
848 2929 943 2990 aequa
962 2912 1052 2973 duelli

285 2999 358 3058 Sors
380 2997 444 3057 tulit
464 2997 500 3058 ad
521 2996 637 3058 blanes:
661 3006 690 3057 at
710 3006 758 3074 tu,
780 2996 886 3077 pudet!
909 2995 1005 3058 hostia
1026 2998 1122 3075 regni,

283 3082 402 3158 Hostia,
423 3090 506 3159 nate,
528 3083 610 3142 iaces
629 3099 684 3142 ceu
702 3090 797 3142 mutos
816 3091 846 3142 et
866 3099 884 3142 e
904 3099 999 3160 grege
1021 3084 1147 3162 sanguis.

283 3166 339 3226 Hei
357 3167 425 3227 mibi
444 3167 576 3245 primitiis
597 3182 741 3228 armorum
759 3176 790 3227 et
806 3168 862 3228 rite
883 3167 999 3227 nefasto
1231 3176 1281 3229 285

282 3250 401 3311 libatus
421 3253 576 3332 iussusque
595 3253 685 3330 mori,
708 3261 738 3312 et
759 3250 939 3313 cunctabitur
959 3251 1051 3312 ultro

284 3333 368 3397 lstel
396 3355 452 3396 nec
472 3338 597 3399 adverso
618 3355 695 3398 nunc
714 3337 818 3398 saltem
839 3336 932 3397 Marte
953 3345 1074 3397 vocatus
1095 3394 1098 3400 .

285 3419 400 3481 Stabit?
422 3437 458 3481 an
478 3423 507 3482 in
529 3440 643 3502 pugnos
664 3416 751 3483 alium
772 3422 854 3483 iubet
874 3422 918 3482 ire
939 3422 1079 3502 profanus

286 3502 438 3565 Tiresias?
462 3508 624 3586 iterumque
646 3524 730 3568 meos
748 3507 867 3569 oracula
888 3509 978 3567 nectit

284 3589 317 3650 ln
337 3587 484 3668 gemitus?
511 3591 579 3671 qnid
600 3594 677 3654 enim
696 3594 804 3653 misero
826 3608 915 3670 super
936 3593 1037 3653 unicus
1057 3588 1209 3652 Haemon?
1230 3598 1283 3654 290

284 3674 339 3754 llle
360 3674 427 3736 iube
449 3675 569 3753 subeat,
590 3686 679 3758 tuque
700 3677 767 3738 binc
791 3685 941 3756 spectator
960 3676 996 3737 ab
1015 3676 1076 3736 elta

285 3758 379 3822 Turre
399 3760 487 3832 sede
511 3761 580 3842 quid
597 3778 687 3826 saera
704 3762 829 3844 irensis,
847 3760 1055 3839 lectulumque
1073 3755 1242 3815 soluentem
