3134 4434
589 478 794 528 mansuros
816 480 886 528 mc.
908 479 969 528 xn.
1220 468 1280 530 261

284 635 531 716 Supplicibusque
552 637 608 714 piis
625 635 730 697 faciles
752 639 881 716 aperiret
899 636 1046 709 Athenas3

283 721 379 800 Atque
399 721 449 780 ubi
470 740 526 801 per
547 737 667 799 campos
688 739 790 782 errore
811 721 948 787 fatiscere
969 739 1043 781 vano
1229 731 1281 786 295

282 807 444 866 hemeritam
464 806 575 884 Argian
596 823 704 884 supero
728 809 861 885 respexit
879 807 915 866 ab
939 824 1005 881 ane,

281 891 406 952 Indoluit
427 892 508 966 visu,
532 900 562 950 et
584 891 732 951 lunaribus
755 891 843 952 obvia
864 891 940 968 bigis

281 976 416 1037 Advertit
439 994 552 1036 currum
573 975 748 1054 placidaque
769 979 808 1038 ita
829 994 905 1036 voce
928 976 1025 1035 locuta
1048 984 1106 1034 est:

282 1061 346 1121 ‘Da
367 1060 434 1120 mibi
457 1062 590 1139 poscenti
609 1078 711 1121 munus
732 1061 842 1136 breve,
867 1060 1005 1136 Cynthia,
1028 1061 1053 1119 si
1075 1059 1140 1138 quis

281 1145 336 1206 Est
356 1145 471 1204 lunonis
488 1145 600 1218 honos,
621 1155 703 1206 certe
724 1144 802 1206 lovis
826 1146 947 1225 inproba
967 1147 1046 1205 iussu
1228 1155 1281 1209 300

281 1230 341 1289 Ter
359 1239 474 1290 noctem
494 1229 668 1291 Herculeam
689 1263 748 1305 ——,
762 1239 888 1291 veteres
911 1231 964 1290 sed
984 1233 1065 1290 mitto
1089 1231 1236 1309 querelas,

282 1313 327 1374 En
349 1315 432 1375 locus
453 1315 568 1384 officim
592 1315 697 1375 cultrix
718 1316 913 1394 placidissima
935 1317 1025 1374 nostri

281 1399 395 1460 Inachis
415 1401 506 1476 Argia
527 1401 623 1459 cernis
643 1418 701 1479 qua
721 1409 809 1461 nocte
827 1409 960 1478 vagetur,

281 1484 347 1544 Nec
368 1485 500 1564 reperire
521 1487 612 1545 virum
634 1484 732 1545 densis
755 1494 842 1564 queat
867 1503 956 1562 aegra
976 1483 1127 1544 tenebris?

281 1567 319 1628 Et
338 1569 390 1629 tibi
411 1568 571 1629 nimbosum
589 1569 707 1647 languet
720 1569 816 1636 iubar:
839 1587 928 1630 exere
951 1586 1061 1648 quaeso
1228 1582 1280 1635 305

283 1651 412 1729 Cornua,
433 1664 463 1713 et
482 1664 599 1714 assueto
621 1657 744 1734 propior
766 1664 879 1734 premat
901 1653 994 1714 orbita
1016 1664 1121 1715 terras.

280 1738 363 1799 llunc
385 1755 518 1818 quoque,
541 1743 589 1817 qui
608 1758 693 1799 curru
714 1740 842 1800 madidas
864 1739 916 1799 tibi
936 1756 1044 1817 pronus
1065 1739 1194 1800 habenas

281 1823 383 1899 Ducit,
405 1826 433 1883 in
456 1823 569 1884 Aonios
589 1825 695 1902 vigiles
718 1825 837 1885 demitte
859 1825 1027 1903 Soporem!

281 1908 339 1968 Vix
359 1927 410 1984 ea,
432 1928 518 1988 quum
539 1910 641 1969 scissis
661 1928 795 1986 magnum
816 1908 872 1970 dea
894 1908 1018 1968 nubibus
1040 1910 1141 1970 orbem

281 1993 418 2060 Protulit:
442 2012 590 2072 expavere
610 1994 745 2070 umbrae,
766 1993 924 2072 fulgorque
944 1995 1056 2054 recisus
1228 2004 1280 2058 310

281 2077 449 2153 Sideribus,
470 2081 521 2138 vix
540 2080 604 2157 ipsa
626 2079 691 2138 tulit
711 2079 842 2138 Saturnia
864 2077 1001 2138 flammas.

281 2163 403 2223 Primum
415 2180 476 2242 per
499 2180 617 2242 campos
641 2162 735 2222 infuso
758 2163 864 2222 lumine
886 2162 992 2241 pallam

283 2246 422 2324 Coniugis
441 2248 505 2325 ipsa
525 2265 595 2306 suos
617 2249 712 2307 noscit
733 2246 896 2308 miseranda
916 2246 1045 2321 labores,

282 2332 461 2410 Quamquam
482 2341 561 2393 texta
583 2333 690 2408 latent,
712 2333 880 2410 suffusaque
901 2333 1041 2408 sanguine
1061 2342 1174 2393 moeret

283 2416 426 2496 Purpura;
449 2416 573 2496 dumque
594 2417 668 2478 deos
686 2426 773 2477 vocat
796 2426 825 2476 et
847 2417 883 2477 de
905 2416 1007 2476 funere
1029 2434 1099 2476 caro
1227 2430 1279 2483 315

281 2500 346 2561 Hoc
369 2520 526 2580 superesse
548 2511 644 2581 putat,
665 2503 745 2563 videt
765 2505 858 2581 ipsum
879 2503 907 2561 in
928 2502 1051 2580 pulvere
1071 2520 1165 2581 paene

283 2584 447 2654 Calcatum:
469 2586 574 2664 fugere
597 2589 706 2647 animus
726 2589 866 2667 visusque
889 2604 1047 2665 sonusque,

281 2671 459 2750 lnclusitque
480 2671 565 2732 dolor
586 2672 735 2740 lacrimas:
757 2681 825 2732 tunc
845 2688 970 2750 corpore
993 2681 1055 2730 toto

282 2757 425 2815 Sternitur
446 2759 475 2816 in
495 2757 591 2816 vultus
612 2758 791 2836 animamque
810 2775 864 2836 per
887 2756 988 2815 oscula
1009 2759 1122 2835 quaerit

282 2839 459 2914 Absentem,
478 2858 669 2919 pressumque
691 2843 782 2900 comis
803 2859 838 2900 ac
858 2849 942 2899 veste
965 2857 1099 2900 cruorem
1227 2854 1280 2908 320

283 2926 440 2985 Servatura
462 2925 544 3002 legit.
582 2923 651 2984 blox
673 2926 789 2985 tandem
809 2941 885 2984 voce
906 2943 1042 2984 reversa:

284 3008 384 3068 ‘Hunc
404 3026 461 3086 ego
483 3019 529 3083 te,
550 3011 672 3085 coniux,
694 3010 730 3069 ad
751 3010 848 3070 debita
869 3027 960 3086 regna
984 3010 1146 3087 profectum

281 3094 441 3163 Ductorem
462 3094 532 3154 belli
553 3112 752 3172 generumque
773 3095 901 3173 potentis
919 3092 1036 3154 Adrasti

282 3178 440 3259 Adspicio,
460 3180 584 3257 talisque
605 3181 660 3240 tuis
682 3196 807 3239 occurro
829 3175 1001 3257 triumphis?

281 3263 346 3325 Huc
364 3265 465 3325 attolle
488 3282 579 3342 genas
600 3264 774 3343 defectaque
797 3264 914 3325 lumina:
935 3265 1015 3324 venit.
1227 3277 1279 3330 325

281 3349 329 3409 Ad
350 3349 466 3409 Thebas
485 3349 576 3426 Argia
597 3357 670 3409 tuas.
709 3348 792 3426 Age,
814 3347 966 3408 moenibus
988 3349 1072 3409 induc

282 3432 321 3494 Et
339 3437 448 3512 patrios
466 3434 588 3493 ostende
610 3434 687 3494 lares
710 3443 741 3493 et
761 3442 857 3494 mutua
874 3432 964 3493 redde

282 3518 423 3597 Hospitia.
466 3518 528 3578 lleu
552 3518 619 3596 quid
640 3517 718 3595 ago?
740 3520 890 3597 proiectus
909 3517 1022 3596 cespite
1040 3520 1118 3579 nudo

275 3602 346 3669 ¹lloc
366 3604 476 3681 patriae
498 3603 611 3663 telluris
631 3600 743 3663 habes?
765 3621 840 3683 quae
861 3600 970 3680 iurgia?
991 3612 1071 3663 certe

280 3687 434 3766 Imperium
456 3704 514 3746 non
533 3687 623 3748 frater
644 3687 746 3749 habet!
767 3688 900 3748 nullasne
921 3697 1033 3748 tuorum
1228 3699 1288 3746 aaa

282 3772 397 3834 Movisti
415 3769 567 3833 lacrimas?
589 3773 638 3835 ubi
659 3782 771 3851 mater,
786 3773 843 3834 ubi
859 3773 967 3835 inclita
982 3772 1071 3830 fama
