3134 4434
609 485 816 534 nnnnnmos
835 485 906 534 LIB.
924 486 959 534 X.

281 642 438 703 Induerant
461 642 547 717 ebur,
571 651 600 700 et
620 641 747 700 lacrimis
769 649 934 720 questuque
955 641 1112 718 rogabant:

284 728 434 807 ‘Adspice
457 726 619 804 sacrilegas
640 723 786 786 Cadmeae
808 725 924 804 pellicis
946 730 1047 803 arces,

282 813 400 875 Siderei
421 812 524 888 regina
544 811 624 890 poli,
647 811 844 889 tumulumque
865 810 1010 872 rebellem
1031 847 1048 859 -·

281 898 385 958 Disice
409 905 438 956 et
459 899 489 956 in
510 895 627 956 Thebas
648 895 742 972 aliud,
768 902 874 974 potes,
897 904 1004 956 excute
1025 895 1159 957 fulmen?

351 982 427 1056 Quid
448 977 558 1041 faciat?
584 982 641 1041 seit
661 980 720 1040 iata
741 982 802 1040 suis
825 981 970 1041 contraria
987 979 1081 1042 Graiis

282 1067 488 1144 Aversumque
508 1064 624 1138 lovem,
647 1065 702 1126 sed
720 1083 777 1124 nee
800 1067 925 1144 periisse
946 1075 1085 1144 precatus

283 1151 436 1228 Tantaque
459 1152 534 1211 dona
555 1150 641 1218 velit;
663 1159 778 1228 tempus
800 1159 897 1210 tamen
919 1149 1006 1211 obvia
1026 1150 1121 1228 magni

281 1235 359 1296 Fors
382 1235 460 1295 dedit
482 1235 595 1304 aunilii;
617 1235 698 1295 videt
718 1234 778 1294 alto
800 1253 839 1294 ex
860 1233 980 1295 aethere
1006 1236 1105 1297 clausa

281 1320 398 1380 Moenia
421 1330 450 1380 et
470 1321 592 1379 insomni
612 1319 720 1379 vallum
741 1319 867 1379 statione
890 1321 993 1379 teneri.

280 1406 400 1466 Horruit
420 1405 527 1464 irarum
549 1404 670 1464 stimulis
690 1413 826 1482 motaque
848 1404 1007 1464 verendum

282 1489 424 1550 Turbavit
443 1489 574 1549 diadema
595 1506 693 1556 coma;
716 1505 773 1548 non
796 1489 912 1549 saevius
933 1492 1003 1549 arsit

280 1573 449 1636 Herculeae
471 1591 557 1652 quum
575 1575 674 1634 matris
696 1590 767 1632 onus
792 1575 983 1651 geminosque
1004 1573 1141 1634 Tonantis

284 1658 464 1720 Concubitus
484 1660 586 1719 vacuis
607 1658 805 1735 indignaretur
823 1660 853 1718 in
874 1647 969 1719 astris.
1036 1690 1039 1699 «

280 1744 365 1820 Ergo
387 1743 560 1822 intempesta
580 1744 672 1803 somni
693 1743 847 1803 dulcedine
868 1752 971 1822 captos
1024 1770 1026 1775 ·

280 1829 417 1890 Destinat
436 1827 549 1888 Aonios
567 1827 630 1888 leto
651 1827 814 1906 praebere,
843 1845 982 1906 suamque

282 1912 410 1975 Orbibus
432 1914 546 1990 accingi
565 1913 659 1973 solitis
681 1912 762 1973 iubet
782 1912 840 1972 lrin
862 1921 894 1972 et
913 1930 998 1972 omne

281 1997 399 2058 Mandat
422 2014 511 2076 opus;
535 2007 619 2075 paret
640 1998 727 2056 iussis
747 1997 803 2058 dea
823 1997 918 2073 clara,
936 1997 1101 2076 polumque

278 2083 395 2161 Linquit
417 2091 447 2142 et
468 2082 499 2140 iu.
517 2090 611 2141 terras
633 2081 722 2159 longo
744 2081 931 2161 suspenditur
951 2099 1030 2141 arcu.

346 2168 410 2226 Stat
430 2185 520 2245 super
540 2165 681 2226 occiduae
702 2164 846 2226 nebulosa
868 2165 974 2225 cubilia
994 2167 1089 2226 noctis

280 2252 503 2330 Aethiopasque
523 2251 598 2310 alios
618 2249 689 2311 nulli
708 2249 899 2329 penetrabilis
921 2259 1000 2310 astro

281 2337 376 2396 hucus
398 2337 492 2410 iners,
516 2335 674 2414 subterque
696 2337 777 2395 cavis
795 2352 887 2412 gravo
909 2334 1030 2413 rupibus
1049 2343 1159 2396 antrum

281 2421 309 2482 lt
329 2439 451 2481 vacuum
472 2422 500 2480 in
520 2429 662 2497 montem,
686 2438 742 2498 qua
764 2419 873 2481 desidis
895 2421 968 2480 atria
986 2419 1086 2480 Somni

282 2508 484 2583 Securumque
507 2506 598 2566 larem
619 2507 718 2583 segnis
731 2507 841 2566 ¹natura
863 2503 981 2566 locavit.

280 2591 381 2651 himen
403 2607 496 2669 opaca
517 2589 608 2663 Quies
630 2601 660 2651 et
680 2592 765 2670 pigra
787 2588 902 2651 0bliria
924 2597 1043 2650 servant

281 2675 320 2735 Et
341 2693 492 2753 numquam
514 2675 595 2754 vigili
615 2685 736 2755 torpens
755 2676 875 2754 Ignavia
896 2675 987 2735 vultu.

282 2758 348 2818 Otia
370 2760 516 2819 vestibulo
539 2761 710 2839 pressisque
733 2761 847 2820 silentia
868 2760 972 2838 pennis

281 2842 361 2903 llluta
383 2844 502 2918 sedent,
523 2843 700 2922 abiguntque
720 2853 820 2904 truces
842 2861 858 2904 a
880 2843 1005 2903 culmine
1026 2848 1133 2903 ventos

282 2926 321 2987 Et
340 2945 435 2988 ramos
456 2929 558 2987 errare
578 2936 677 2987 vetant
699 2937 729 2987 et
749 2945 895 2988 murmura
914 2927 1031 2987 demunt
1139 2949 1141 2952 ⁴

283 3010 419 3072 Alitibus.
449 3008 526 3070 ¹Non
547 3011 595 3071 hic
612 3012 728 3090 pelagi,
751 3012 822 3073 licet
844 3013 938 3072 omnia
960 3011 1084 3072 clament
1144 3035 1147 3039 ’
1232 3073 1233 3077 ,

282 3096 395 3172 Litora,
416 3113 475 3156 non
495 3096 558 3156 illic
580 3097 658 3157 coeli
678 3097 793 3174 fragon
815 3097 881 3176 ipse
902 3096 1054 3176 profundis
1247 3106 1281 3162 95

281 3180 415 3240 vallibus
438 3181 582 3259 effugiens
603 3182 762 3260 speluncae
782 3184 932 3261 proximus
955 3183 1045 3241 amnis
1093 3185 1097 3192 '

283 3268 361 3326 Saxa
381 3267 458 3326 inter
478 3266 678 3345 scopulosque
698 3275 793 3328 tacet:
815 3267 958 3345 nigrantia
981 3268 1059 3327 circa
1151 3292 1154 3299 ·

283 3349 437 3428 Armenta,
461 3369 544 3412 omne
567 3351 633 3411 solo
655 3350 777 3411 recubat
798 3370 908 3431 pecus,
931 3361 960 3411 et
979 3369 1054 3412 nova
1074 3361 1205 3412 marcant

283 3434 433 3512 (hermina,
455 3445 654 3516 terrarumque
678 3437 796 3497 inclinat
815 3438 935 3516 spiritus
956 3435 1073 3497 herbas.

284 3518 377 3598 [llille
398 3522 473 3580 intus
495 3522 649 3583 simulacra
669 3522 717 3582 dei
739 3522 906 3583 caelaverat
928 3520 1033 3582 ardens
1231 3532 1281 3585 loo

281 3602 440 3674 Mulciber3
462 3604 510 3665 hic
531 3606 634 3668 haeret
655 3607 739 3668 lateri
761 3607 894 3668 redimita
912 3605 1067 3686 Voluptas,

280 3687 336 3749 llic
358 3707 458 3750 comes
480 3691 508 3748 in
528 3694 659 3770 requiem
679 3709 808 3770 vergens
830 3691 927 3760 labor:
950 3701 998 3752 est
1017 3692 1073 3752 nbi
1089 3690 1230 3758 Baccho,

281 3771 335 3834 Est
356 3774 405 3836 abi
424 3773 605 3854 Martigenae
627 3778 742 3842 socium
759 3777 900 3861 pulvinar
925 3777 1034 3840 Amori

315 3876 456 3922 suarius
473 3879 510 3922 11.
1118 3847 1172 3906 Ἃ
