3134 4434
571 452 771 505 rnummos
791 454 863 503 uta.
885 454 937 504 111.
1213 443 1255 506 57

255 609 357 672 Laedit
376 610 405 671 in
425 611 561 692 amplexu
580 612 724 691 dictisque
745 612 786 672 itu
804 611 913 672 mulcet
931 608 1046 672 amicis:
1149 613 1153 617 ’

320 695 364 756 ³0
380 697 468 775 mihi,
490 695 634 757 bellorum
654 699 773 775 requies
796 706 827 757 et
848 714 932 757 sacra
953 696 1090 776 voluptas
1204 709 1256 763 005

255 781 377 861 Unaque
399 799 458 860 pax
479 782 588 842 animo!
611 782 668 843 soli
688 782 734 842 cui
754 790 832 842 tanta
853 789 985 861 potestas

254 867 455 946 Dirorumque
473 867 675 946 hominumque
696 867 769 927 meis
789 883 949 927 occurrere
965 865 1034 926 telis

254 950 383 1031 inpune,
406 960 436 1012 ot
455 946 550 1013 media
573 951 702 1031 quumvis
723 951 753 1010 in
774 951 867 1012 caede
888 951 1063 1011 frementes·

254 1035 317 1098 Hos
337 1037 477 1097 assistere
499 1053 612 1115 equos,
634 1036 710 1096 hunc
732 1053 833 1096 ensem
854 1035 986 1096 auellere
1006 1035 1120 1097 dextra.
1250 1052 1254 1057 ·

255 1119 321 1181 Nec
341 1120 414 1181 mihi
431 1121 542 1182 Sidonii
561 1121 700 1200 genitalia
720 1119 842 1181 foedera
865 1118 975 1197 Cadmi,
1204 1129 1257 1184 000

255 1203 387 1267 Noctua
409 1224 477 1267 cara
498 1206 571 1266 fides
592 1240 634 1251 -
650 1224 688 1266 ne
708 1204 782 1266 falsu
804 1206 956 1266 incessero
977 1202 1074 1282 000010
1094 1240 1137 1249 -

254 1289 449 1352 Exciderunt:
472 1292 553 1370 prius
570 1292 599 1350 in
620 1291 715 1370 patrui
737 1290 810 1351 deus
829 1290 922 1351 iniere
942 1307 1058 1368 mergor
1119 1337 1121 1341 ,

253 1376 366 1454 stagna
386 1385 417 1437 et
440 1374 585 1456 pallentes
607 1394 679 1453 agar
699 1384 863 1435 exarmatus
883 1374 920 1435 ad
941 1373 1068 1435 umbras.

255 1461 316 1522 Sed
338 1479 413 1521 nunc
434 1460 557 1521 iatomm
578 1461 702 1521 monitus
723 1469 908 1540 mentemque
926 1458 1056 1539 supremi
1166 1454 1170 1463 '

255 1543 356 1608 Iussus
377 1545 460 1605 obire
482 1547 590 1625 petris,
610 1563 708 1623 neque
729 1545 806 1605 enim
823 1544 965 1605 Vulcania
987 1543 1040 1605 tali
1201 1550 1255 1605 000

255 1628 381 1709 Imperio
403 1649 503 1690 manus
525 1639 592 1710 apta
614 1630 691 1708 legi,
712 1646 771 1709 quo
793 1638 918 1709 pectore
935 1637 1037 1690 contra

255 1713 304 1775 lre
323 1714 422 1776 Iovem
441 1716 592 1794 dictasque
612 1733 713 1794 parem
736 1724 924 1775 contemnere
946 1713 1041 1792 leges,

257 1797 312 1860 Gui
334 1801 439 1878 modo,
461 1817 515 1880 pro
534 1799 630 1860 vires!
651 1809 745 1860 terras
769 1800 944 1878 coelumque
965 1797 1131 1877 fretumque
1249 1818 1251 1823 ¹

255 1884 423 1945 Attremere
445 1886 538 1945 oranti
558 1894 713 1964 tantosque
735 1903 773 1945 ex
795 1884 897 1945 ordine
917 1884 976 1944 riui

255 1969 415 2030 Delituisse
439 1967 537 2030 deos?
578 1969 638 2030 Sed
659 1988 697 2030 ne
718 1969 788 2029 mihi
810 1968 900 2030 corde
921 1983 1075 2048 supremos
1202 1975 1256 2031 010

256 2052 408 2135 Concipe,
429 2072 513 2132 cara,
534 2063 644 2130 metus,
666 2053 781 2132 quando
800 2053 875 2114 haec
894 2061 1006 2113 mutare
1026 2059 1160 2131 potestas

254 2138 341 2200 Nulla
359 2139 458 2217 datur,
482 2157 568 2218 quum
588 2141 644 2198 iam
664 2137 760 2214 'iuriis
785 2137 839 2220 sub
859 2135 1011 2197 moenibus
1032 2135 1134 2196 ambae

254 2223 409 2285 Bellahunt
428 2233 549 2302 gentes,
571 2222 662 2283 adoro
682 2230 712 2282 et
733 2223 815 2282 socio
836 2239 914 2282 arma
936 2219 1053 2281 iurabo.

256 2308 337 2369 Tunc
358 2328 404 2369 me
425 2309 586 2386 sanguineo
607 2307 666 2368 iate
690 2305 847 2368 defervere
865 2323 969 2385 campo

255 2393 316 2454 Res
340 2412 430 2473 super
447 2393 605 2472 Argolicas
625 2392 701 2453 haud
722 2391 766 2452 sic
786 2391 903 2452 deiectu
923 2389 1054 2452 ridebis:
1203 2396 1255 2451 ³15

255 2477 319 2538 Hoc
335 2479 403 2539 mihi
422 2480 484 2554 ius,
505 2496 562 2538 nec
583 2477 641 2538 iata
664 2480 786 2538 retunt?
828 2477 880 2538 Sic
901 2492 988 2537 orsus
1004 2484 1109 2557 aperto

254 2562 428 2641 Flagrantes
450 2564 556 2623 inmisit
573 2580 678 2642 equos.
705 2560 772 2622 Non
793 2563 877 2622 ocius
898 2560 949 2622 alti

255 2649 287 2709 ln
309 2659 404 2710 terras
426 2649 502 2710 cadit
522 2648 565 2708 ira
586 2646 682 2724 Iovis,
704 2647 730 2706 si
753 2647 868 2727 quando
890 2646 1016 2707 nivalem

256 2732 367 2808 Othryn
388 2742 417 2794 et
435 2732 565 2793 Arctoae
586 2732 714 2810 gelidum
733 2742 820 2812 caput
840 2732 942 2793 institit
963 2729 1058 2791 Ossae
1249 2784 1251 2788 .

255 2817 442 2896 Armavitque
463 2817 492 2875 in
513 2817 591 2876 nube
613 2834 741 2877 manum:
763 2817 844 2877 volut
866 2817 953 2892 ignea
976 2814 1072 2874 moles
1203 2817 1256 2873 300

256 2901 352 2960 Saeva
374 2901 421 2961 dei
442 2900 574 2960 mandata
593 2900 711 2976 ferens,
733 2900 908 2980 'coelumque
928 2899 1048 2958 trisulca

256 2984 383 3045 Territat
404 3000 489 3044 omne
511 2999 611 3060 coma,
633 2983 793 3045 iamdudum
815 2993 864 3045 aut
885 2981 990 3044 ditibus
1010 2983 1090 3060 agris

257 3070 345 3148 Signa
367 3070 454 3146 dore,
478 3077 526 3129 aut
547 3077 637 3147 ponto
658 3069 782 3129 miseros
804 3067 957 3129 involvere
976 3075 1087 3128 nautes.

321 3154 438 3235 lamque
459 3171 610 3214 remensus
635 3153 692 3214 ite'r
711 3153 793 3213 iusso
809 3151 940 3213 Danaeia
960 3150 1078 3228 Tydeus
1203 3152 1206 3157 ’
1250 3207 1253 3212 .

256 3240 335 3300 Arva
354 3240 446 3317 gradu
466 3239 626 3317 viridisque
647 3238 720 3316 legit
741 3237 857 3299 uorem
878 3237 1055 3314 Prosymnae
1203 3246 1255 3301 325

255 3324 408 3384 Terribilis
430 3324 512 3384 visu:
530 3332 607 3384 stant
625 3323 689 3384 tutu
709 3323 834 3402 pulrerc
856 3323 963 3400 omues,
1038 3370 1041 3375 .

255 3409 411 3489 Squalidus
433 3427 471 3470 ex
492 3409 619 3470 humeris
641 3408 718 3469 cadit
737 3407 796 3469 ulta
818 3407 847 3469 iu
866 3407 989 3468 vulnera
1009 3406 1110 3486 sudor,

254 3495 464 3573 insomnesque
485 3495 588 3555 oculos
609 3492 700 3554 mbor
720 3493 848 3570 excitat,
868 3510 979 3572 oraque
1000 3501 1088 3554 retro.

255 3579 364 3640 Sorbet
384 3578 487 3640 anhelo
510 3579 589 3647 sitim
611 3596 694 3639 mens
713 3578 802 3639 ultum
823 3577 915 3658 spirat
935 3577 1077 3639 honorem

255 3663 380 3725 Conscia
402 3663 553 3724 factorum.
598 3665 648 3725 Sic
669 3671 738 3724 nota
757 3664 786 3723 in
805 3680 914 3743 pascua
936 3671 1036 3724 taurus
1201 3670 1255 3726 000

252 3749 383 3812 Bellator
404 3748 497 3826 redit,
518 3749 644 3810 adverso
667 3749 714 3810 oui
733 3748 813 3824 00110
834 3764 951 3829 unoque
