3134 4434
315 433 377 496 240
651 446 683 494 r.
705 446 839 495 rueruu
863 445 987 497 suurn

315 597 501 682 Respectus?
522 601 553 663 hi
573 610 604 663 te
625 602 668 663 ire
689 602 809 679 volunt,
831 601 862 663 bi
882 603 1020 682 pendere
1047 622 1191 685 poenas3

315 688 383 768 Ipsa
404 687 490 747 etiam
508 688 645 764 genetrix
663 688 807 767 ipsaeque
826 687 918 749 odere
937 705 1087 751 sorores.

315 772 350 834 In
369 780 398 833 te
417 770 523 832 ardens
544 771 635 833 irater
653 770 762 832 ferrum
779 781 962 852 mortemque
981 775 1134 853 minatur,
1286 787 1318 843 tol

316 859 472 935 Saevaque
493 865 641 936 portarum
662 856 801 917 convellit
824 857 966 934 claustra,
990 876 1056 920 nec
1078 859 1218 923 audis‘l'

380 941 431 1002 Sic
450 950 534 1021 pater
554 940 739 1015 infrendens,
761 942 927 1021 miseraque
949 953 1121 1007 exaestuat
1146 948 1204 1008 ira.

317 1025 373 1088 lllc
393 1025 446 1085 sub
468 1025 557 1086 haec:
581 1024 665 1086 ‘Non
686 1025 781 1103 fallis,
803 1026 858 1103 ait,
880 1044 937 1087 nec
958 1035 991 1088 te
1011 1029 1128 1092 inclita
1150 1034 1216 1094 nati

316 1109 388 1172 Fata
405 1119 538 1187 movent,
562 1128 670 1172 canere
688 1110 740 1172 illa
761 1119 873 1190 patrem
895 1121 924 1172 et
943 1112 1065 1174 iactare
1091 1115 1240 1180 decebat.

317 1195 379 1257 Sed
396 1213 468 1274 spes
486 1194 541 1256 sub
559 1195 704 1271 lacrimis,
728 1213 800 1275 spes
819 1204 907 1274 atque
926 1196 1050 1260 occulta
1074 1202 1198 1280 cupido
1286 1213 1317 1268 aa

318 1279 370 1341 llis
388 1280 474 1350 latet;
497 1279 598 1340 insano
620 1279 788 1360 praetendis
810 1279 915 1342 funera
933 1290 1018 1358 voto,

315 1363 423 1444 Meque
443 1366 552 1443 premis
573 1364 681 1426 frustra
700 1382 813 1427 vacuae
833 1383 889 1425 ceu
909 1366 1068 1445 proximus
1089 1369 1199 1431 aulae.

316 1448 384 1513 Non
404 1451 444 1510 ita
461 1448 608 1511 Sidoniam
628 1449 742 1511 fortuna
762 1448 915 1529 reliquerit
937 1449 1056 1528 urbem,

317 1534 351 1597 ln
370 1543 400 1596 tc
420 1543 452 1596 nt
471 1543 590 1614 sceptra
612 1535 732 1609 cadant,
754 1542 835 1594 tanto
857 1534 1061 1614 indignissime
1085 1549 1175 1602 nato.

316 1618 382 1680 Nec
402 1618 471 1680 milri
492 1618 620 1681 difficilis
642 1637 785 1700 praesens
806 1618 949 1689 vindicta;
970 1619 1027 1681 sed
1051 1639 1155 1704 arma,
1285 1638 1317 1694 aa

316 1704 406 1765 Arma
425 1705 505 1783 prins
527 1703 642 1765 famuli:
666 1712 772 1765 coeant
791 1705 821 1764 in
840 1704 955 1784 proelia
974 1704 1104 1769 iratres.

317 1788 388 1850 Vult
406 1789 531 1867 gemitus
552 1788 645 1849 lenire
665 1786 780 1858 Creon3
803 1787 919 1849 lucrare
937 1788 1086 1870 furorem,

222 1881 248 1906 ·
317 1874 431 1934 Victori
451 1872 519 1933 milri
542 1880 644 1934 cuncta
665 1873 753 1934 lues'
793 1875 844 1935 Sic
864 1874 957 1951 iurgia
975 1875 1104 1952 paulum

316 1958 451 2035 Distulit,
474 1967 562 2038 atque
582 1976 698 2035 ensem,
722 1976 808 2037 quem
827 1957 987 2020 iamdabat
1007 1961 1074 2040 ira,
1097 1970 1264 2046 repressit
1351 2034 1354 2043 ,

317 2044 396 2105 lctus
418 2052 449 2103 ut
469 2044 581 2104 incerto
603 2044 730 2124 pastoris
750 2042 873 2103 vulnere
894 2060 1020 2122 serpens
1284 2061 1317 2118 pp

317 2127 447 2206 Erigitur
467 2146 542 2206 gyro
565 2128 741 2208 longumque
762 2146 779 2188 e
802 2145 929 2206 corpore
951 2136 1014 2189 toto

317 2214 405 2273 Virus
425 2213 455 2272 in
476 2230 528 2274 ora
549 2213 636 2297 legit;
660 2213 775 2293 paulum
795 2214 819 2272 si
841 2211 944 2273 devius
964 2211 1062 2274 bostis

318 2297 416 2359 Torsit
437 2299 508 2374 iter,
532 2296 672 2360 cecidere
691 2299 785 2358 minae
807 2297 1022 2377 tumefactaque
1041 2298 1166 2368 irustra

320 2380 406 2444 Colla
428 2382 548 2457 sedent,
570 2384 688 2462 irasque
709 2385 754 2443 sui
775 2381 934 2462 bibitipse
954 2384 1076 2444 veneni.

381 2467 421 2528 At
442 2469 578 2545 genetrix
601 2469 721 2545 primam
744 2467 878 2528 funestae
897 2468 984 2527 sortis
1005 2477 1039 2528 ut
1058 2487 1175 2538 amens
1284 2484 1319 2543 sti

319 2552 447 2632 Expavit
470 2551 591 2628 famam,
614 2551 775 2612 nectardo
798 2551 937 2628 credidit,
955 2549 1016 2612 ibat

319 2638 420 2699 Scissa
442 2653 540 2696 comas
562 2636 700 2715 vultuque
723 2645 753 2697 ct
774 2645 898 2715 pectore
918 2635 994 2696 nuda
1013 2651 1163 2723 cruento,

318 2721 385 2784 Non
407 2739 495 2781 sexus
518 2720 672 2781 decorisve
693 2739 815 2783 memor.
859 2720 997 2782 Pentheia
1020 2725 1126 2802 qualis

318 2806 413 2869 blaten
434 2806 471 2867 ad
491 2805 583 2867 insani
601 2805 760 2867 scandebat
782 2806 905 2867 culmina
923 2806 1029 2866 montis

319 2894 494 2954 Promissum
514 2908 605 2952 saevo
628 2900 715 2970 caput
735 2892 859 2953 allatura
877 2890 986 2966 lyaeo.
1289 2908 1322 2965 aa

319 2975 386 3038 Non
407 2978 545 3054 comites,
567 2994 625 3036 non
644 2976 723 3036 ferre
743 2977 827 3056 ipsae
850 2976 974 3053 vestigia
995 2986 1086 3038 natae

321 3061 426 3140 Aequa
444 3061 558 3123 valent:
581 3070 687 3122 tantum
708 3062 834 3122 miserae
855 3059 941 3121 dolor
959 3059 1078 3123 ultimus
1105 3067 1198 3130 addit

321 3146 438 3222 Robur,
461 3156 491 3206 et
513 3164 663 3224 exangues
683 3147 859 3206 crudescunt
880 3144 1005 3206 luctibus
1027 3150 1111 3209 anni.

320 3230 438 3311 Iamque
461 3231 550 3292 decus
573 3232 694 3309 galeae,
722 3233 779 3291 iam
800 3230 912 3310 spicula
934 3246 1023 3290 saeva
1046 3231 1173 3310 ligabat

319 3315 431 3376 Ductor
452 3325 482 3375 et
502 3315 538 3376 ad
558 3315 646 3377 lituos
668 3316 790 3377 hilarem
812 3315 1014 3394 trepidumque
1035 3314 1186 3387 tubarum
1288 3330 1323 3389 att

318 3400 523 3481 Prospiciebat
543 3419 662 3480 equum,
686 3401 783 3461 subito
806 3418 892 3479 quum
912 3401 1048 3479 apparuit
1065 3403 1187 3482 ingens

319 3484 429 3556 blaten,
453 3485 567 3563 etipse
590 3496 667 3546 metu
688 3484 884 3565 famulumque
906 3485 1050 3563 expalluit
1072 3495 1179 3554 ommis
1263 3482 1268 3493 ’

321 3568 449 3648 coetus,
472 3579 502 3631 et
524 3569 648 3630 oblatam
669 3580 748 3632 retro
769 3569 848 3631 dedit
868 3569 994 3646 armiger
1015 3569 1151 3638 hastam.

319 3654 392 3729 Quis
412 3652 516 3715 furor?
538 3655 613 3715 unde
636 3657 738 3717 iterum
758 3656 844 3732 regni
865 3656 1008 3731 integrata
1028 3666 1174 3740 resurgit

315 3737 478 3803 Eumenis?
497 3741 555 3824 ipsi
578 3740 665 3804 etiam
685 3749 755 3824 post
775 3741 890 3818 omnia,
906 3739 1037 3799 cominus
1061 3742 1126 3823 ipsi
1290 3758 1326 3817 aa
