3134 4434
606 476 783 526 sruvunouu
804 479 836 527 n.
860 479 912 530 111.
1221 467 1261 526 67

253 635 393 697 Iunxerat
416 642 446 697 et
467 633 553 712 plena
575 633 697 695 dederat
716 633 841 695 conubia
860 634 973 695 dextra.

255 723 304 782 Sic
327 728 414 781 ornat
434 719 550 796 crines,
575 717 680 794 Tyrios
702 719 746 778 sic
765 718 857 779 iuudit
876 721 1009 795 amictus,
1229 731 1262 782 55

253 806 310 867 Dat
331 804 433 865 radios
456 804 611 882 ignemque
632 823 723 864 suum.
765 802 894 864 Gessere
915 806 1031 884 priores

255 890 393 951 Deliciae
415 888 611 967 famulumque
632 907 757 966 greges;
780 889 828 950 hic
849 889 956 968 pocula
978 907 1083 967 magno

253 976 349 1036 Prima
372 974 440 1034 duci
459 973 648 1054 myrrhasque
670 991 744 1053 puer
766 975 963 1054 crystallaque
986 984 1084 1052 portat

256 1059 435 1121 Candidiore
457 1076 556 1118 manu:
582 1061 689 1119 crescit
710 1077 787 1120 nova
808 1061 901 1137 gratia
923 1059 1049 1119 Baccho.

318 1143 396 1205 Care
419 1161 507 1222 puer,
531 1146 646 1222 superis
669 1146 717 1223 qui
739 1144 905 1224 praelibare
926 1144 1087 1204 verendum
1226 1152 1263 1207 60

253 1229 366 1290 Nectar
385 1238 415 1289 et
434 1230 581 1305 ingentem
603 1232 711 1289 totiens
732 1231 903 1306 contingere
924 1230 1058 1289 dextram

253 1313 396 1390 Electus,
419 1331 502 1392 quam
523 1331 612 1372 nosse
634 1313 742 1390 Getae,
767 1332 852 1393 quam
874 1324 995 1392 tangere
1019 1313 1127 1373 Persae

254 1400 445 1477 Armeniique
467 1397 586 1477 ludique
610 1399 726 1477 petunt!
771 1398 795 1457 0
820 1399 916 1459 sidere
935 1399 1039 1458 dextro

255 1484 362 1559 Edite,
383 1483 472 1542 multa
494 1482 545 1542 tihi
565 1483 661 1543 divum
684 1483 863 1561 indulgentia
884 1483 969 1544 favit!

256 1568 332 1628 Olim
353 1569 455 1643 etiam,
478 1585 515 1627 ne
537 1570 627 1646 prima
649 1585 742 1646 genas
763 1569 870 1646 lanugo
890 1571 1015 1628 nitentes
1227 1579 1261 1632 65

257 1652 404 1733 Carperet
426 1661 455 1712 et
476 1652 618 1731 pulchrae
637 1654 767 1714 fuscaret
788 1655 882 1731 gratia
900 1653 1024 1728 formae,

255 1738 323 1818 lpse
346 1739 419 1798 deus
443 1739 553 1816 patriae
576 1738 686 1798 celsam
704 1748 783 1800 trans
806 1756 937 1817 aequora
958 1737 1042 1817 liquit

256 1824 430 1902 Pergamon.
471 1821 553 1882 Haud
573 1823 625 1883 ulli
648 1842 768 1902 puerum
791 1824 905 1883 mollire
929 1830 1060 1902 potestas

257 1907 391 1975 Credita;
414 1906 467 1966 sed
487 1908 574 1968 tacita
593 1909 706 1967 iuvenis
728 1908 894 1969 Phoebeius
914 1918 977 1968 arte

255 1993 374 2054 Leniter
395 1992 470 2052 haud
487 1991 548 2052 ullo
572 2011 745 2054 concussum
765 1993 888 2069 vulnere
908 2010 1016 2072 corpus
1227 2000 1262 2053 70

256 2077 301 2138 tte
323 2096 400 2137 sexu
419 2078 542 2137 transire
565 2077 654 2138 iuhet.
697 2079 806 2138 'lamen
830 2080 913 2138 anxia
937 2078 1013 2138 curis

257 2162 408 2223 llordetur
429 2163 571 2241 puerique
596 2165 677 2222 timet
699 2161 847 2239 Cytherea
869 2163 999 2223 dolores.

319 2246 454 2307 Nondum
475 2247 596 2325 pulchra
617 2248 700 2308 ducis
721 2248 876 2308 clementia
899 2253 1041 2324 coeperat
1063 2253 1126 2302 ortu

260 2331 386 2393 intactos
409 2349 528 2391 servare
549 2351 661 2401 mares;
684 2351 759 2392 nunc
780 2333 918 2410 frangere
939 2347 1041 2390 sexum

258 2417 356 2496 Atque
378 2417 521 2476 homiuem
542 2427 653 2477 mutare
673 2419 773 2495 neias⁷
794 2420 954 2497 gavisaque
978 2414 1061 2474 solos
1228 2423 1261 2478 tc

258 2501 340 2576 Quos
363 2503 479 2578 genuit,
502 2511 602 2561 natura
623 2503 717 2578 videt,
741 2521 796 2563 nec
816 2502 885 2580 lege
907 2502 1023 2562 sinistra

256 2585 348 2647 llerre
369 2589 471 2646 timent
491 2586 616 2646 famulae
637 2596 769 2648 natorum
793 2588 923 2667 pondera
945 2594 1063 2646 matres.

319 2671 363 2730 Tu
388 2689 521 2750 quoque,
545 2689 621 2732 nunc
641 2673 771 2750 iuvenis,
795 2675 910 2750 genitus
932 2673 957 2731 si
977 2669 1087 2730 tardius
1112 2687 1206 2745 esses,

256 2755 471 2834 Umhratusque
493 2774 585 2835 genas
605 2766 634 2817 et
656 2757 769 2818 adultos
793 2759 899 2818 fortior
917 2765 1006 2831 artus,

255 2841 322 2901 Non
345 2859 430 2900 unum
447 2841 579 2918 gaudens
598 2841 735 2902 Phoebea
756 2843 792 2904 ad
814 2844 911 2904 limina
930 2857 1033 2899 munus
1225 2847 1261 2900 80

254 2925 405 2994 Misisses;
429 2927 538 3004 patrias
560 2945 636 2986 nuuc
650 2929 744 2987 crinis
767 2929 848 2988 solus
868 2927 905 2986 nd
927 2942 993 2985 arus

255 3010 393 3089 Naviget.
438 3011 521 3071 Hunc
541 3012 632 3071 multo
653 3011 763 3090 Paphie
783 3010 932 3072 saturabat
952 3022 1075 3081 amomo,

254 3095 340 3156 Hunc
361 3112 437 3155 nova
458 3097 620 3173 tergemina
642 3096 781 3176 pectebat
804 3096 900 3157 Gratia
921 3094 1047 3154 dextra.'

254 3179 329 3241 Huic
352 3189 382 3240 et
405 3182 542 3259 purpurei
565 3180 652 3241 cedat
673 3199 756 3242 coma
777 3182 877 3242 saucia
898 3179 972 3254 Nisi,
991 3214 995 3225 ·
1078 3193 1082 3199 ’

255 3264 293 3325 Et
314 3282 402 3344 quam
424 3266 569 3343 Sperchio
589 3267 713 3327 tumidus
735 3265 872 3326 servabat
887 3257 1053 3324 'Achrlles¹
1090 3284 1102 3305 -·
1138 3293 1141 3299 ·
1224 3269 1258 3323 85

316 3349 395 3429 Ipsi,
420 3368 505 3430 quum
524 3352 645 3430 primum
666 3353 780 3411 niveam
802 3366 1001 3431 praecerpere
1016 3347 1147 3406 ¹frontem
1182 3348 1185 3355 '

255 3434 416 3495 Decretum
439 3444 484 3495 est
503 3435 702 3515 humerosque
716 3435 1093 3507 manu'mudoreuiteutes,
1158 3448 1174 3477 ³*
1211 3468 1216 3477 ·
1241 3440 1246 3457 ³

256 3520 422 3580 Accurrunt
442 3523 536 3581 teneri
558 3518 669 3598 Paphia
692 3539 757 3582 oum
778 3529 869 3581 matre
886 3519 1026 3581 uolucres
1086 3560 1089 3565 -

257 3603 481 3684 Expedinutque
505 3609 774 3666 commonuerim
797 3614 919 3686 pectore
942 3610 1053 3684 ponunt
1080 3646 1084 3653 .

256 3688 357 3751 Pallia.
402 3688 483 3751 Tunc
504 3691 609 3751 iunctis
631 3692 740 3751 crinem
761 3691 892 3751 incidere
913 3688 1030 3766 sagittis
1097 3716 1101 3731 ι
1213 3688 1258 3743 ·90

256 3773 353 3854 Atque
373 3792 443 3835 auro
465 3776 782 3856 gemmisquedocaut,¹
794 3776 972 3858 rapietque
989 3771 1131 3917 cadeupps
1233 3796 1239 3807 ··
