3134 4434
595 418 597 423 ¹
626 450 854 501 snrnnunn.
867 452 890 499 1.

260 610 348 670 Sidus
372 617 402 668 et
424 605 536 668 Oleniis
558 604 675 685 dignum
696 607 820 686 petiisse
844 607 898 668 snb
919 609 1016 684 astris,

260 695 292 754 Si
315 692 431 753 Maleae
450 689 688 751 credeudflratis
706 691 885 771 Siculosque
908 711 964 773 per
983 703 1083 755 aestus

261 779 307 839 Sit
322 779 382 838 via.
427 773 488 836 Gur
509 775 606 835 oculis
623 775 724 836 sordet
744 777 841 836 vicina
863 775 1021 856 voluptasl

259 862 315 922 Hic
336 870 386 922 tua
406 860 544 922 Tiburtes
567 858 683 919 Faunos
701 860 805 935 chelys
826 869 858 920 et
871 863 955 938 juvat
977 863 1070 941 ipsum

259 946 388 1007 Alciden
410 945 577 1022 dictumque
599 944 662 1019 lyra
679 946 791 1005 maiore
812 942 963 1013 Catillum
1216 958 1267 1010 roo

259 1032 322 1092 Seu
344 1029 396 1090 tibi
418 1028 579 1089 Pindaricis
601 1029 712 1089 anlnrus
732 1030 914 1090 contendere
935 1030 1068 1110 plectris,

258 1116 332 1176 Sive
352 1113 460 1190 chelyn
481 1112 569 1174 tollas
591 1111 739 1175 beroa-ad
761 1113 888 1191 robora,
910 1117 975 1176 sive

257 1199 409 1260 Liventern
431 1199 549 1259 satiram
566 1194 650 1275 nigra
671 1197 805 1274 rubigine
823 1199 934 1276 turbes,

258 1285 321 1344 Seu
341 1292 391 1343 tua
412 1299 471 1342 non
493 1282 550 1342 alia
571 1280 761 1359 splendescat
782 1283 910 1361 epistola
933 1301 1012 1345 cura.
1174 1328 1179 1337 ,

257 1368 356 1445 Digne
378 1365 474 1428 blidae
496 1363 660 1444 Croesique
681 1365 766 1427 bonis
787 1375 817 1426 et
836 1367 956 1429 Perside
977 1385 1061 1446 gana,
1216 1376 1267 1432 loo

257 1452 356 1513 Macte
375 1451 460 1511 bonis
485 1449 587 1511 antntt
611 1450 694 1510 cuins
717 1453 880 1528 stagnantia
902 1470 992 1512 rura.

258 1535 369 1596 Debuit
389 1545 420 1596 ct
440 1534 523 1595 llavis
542 1533 666 1595 Hermus
689 1543 892 1596 transcurrere
914 1537 987 1615 ripis

258 1619 297 1680 Et
318 1621 386 1680 limo
408 1618 582 1699 splendente
604 1618 711 1696 Tagus.
756 1621 808 1680 Sic
827 1620 914 1681 docta
934 1622 1106 1700 trequentes

259 1704 343 1780 Otia,
367 1706 410 1765 sic
431 1705 508 1763 omni
530 1703 673 1776 detersos¹
687 1713 810 1783 pectora
831 1704 909 1765 nube

258 1788 362 1850 Pinenr
381 1788 547 1850 Nestoreae
569 1804 678 1867 precor
699 1789 856 1867 egrediare
879 1796 1028 1850 senectae.
1215 1798 1267 1850 tto

468 1946 519 1999 lv.
543 1944 709 2001 SOTERIA
728 1947 876 1999 BUTlLII
897 1945 1059 1998 eunoici.

323 2039 420 2117 Estis,
442 2043 492 2119 io,
514 2042 633 2121 superi,
655 2059 712 2103 nec
733 2042 916 2103 inexorabile
940 2040 1047 2103 Clotho

257 2124 361 2186 Voluit
382 2142 467 2205 opus.
509 2125 598 2187 Videt
620 2125 696 2187 alma
717 2128 785 2206 pios
806 2126 931 2187 Astraea
954 2126 1075 2205 lovique

259 2209 424 2271 Conciliato
446 2210 540 2287 redit,
560 2209 748 2289 dubitataque
768 2211 866 2272 sidera
888 2212 983 2270 cernit

257 2295 398 2356 Gallicus.
439 2293 481 2354 Es
501 2294 604 2371 caelo,
625 2294 670 2357 dis
694 2313 744 2371 es,
768 2293 1075 2370 Germanice,·cordi,

258 2379 332 2453 Quis
352 2375 462 2456 neget?
503 2376 628 2439 Erubuit
651 2388 732 2439 tanto
755 2379 885 2458 spoliare
908 2381 1039 2438 ministro
1247 2390 1264 2441 5

256 2461 414 2541 Imperium
435 2463 549 2522 lortuna
572 2473 658 2524 tuum.
703 2465 768 2524 Stat
788 2465 922 2542 proxima
945 2465 1047 2524 cervix

257 2546 402 2607 Ponderis
423 2548 546 2607 inmensi
567 2549 766 2627 damnosaque
788 2548 837 2608 lila
859 2557 999 2609 senectae

257 2629 349 2691 Exuit
369 2641 456 2709 atque
479 2631 554 2691 alios
574 2631 681 2693 melior
701 2634 856 2694 revirescit
877 2635 907 2693 iu
926 2650 1028 2694 annos.

256 2715 340 2792 Ergo
363 2716 494 2791 alacres,
513 2733 589 2794 quae
611 2717 694 2793 signa
717 2717 817 2777 colunt
838 2716 964 2794 urbana,
988 2715 1137 2787 cobortes,
1191 2744 1197 2767 ·.

256 2800 349 2877 Inque
373 2800 466 2860 sinum
484 2817 559 2878 quae
581 2818 673 2879 saepe
696 2809 773 2861 tuum
793 2802 858 2862 lora
879 2800 994 2862 tnrbida
1015 2809 1121 2878 questu
1171 2820 1174 2825 ·
1233 2810 1266 2860 10

257 2881 457 2960 Coniugiunt,
484 2884 569 2961 leges
590 2884 740 2964 urbesque
762 2885 937 2964 ubicumque
957 2892 1089 2961 togatae,

220 3044 223 3053 1
257 2966 342 3041 Quae
365 2977 413 3027 tua
435 2967 603 3047 longinquis
623 2970 769 3049 inplorant
791 2971 852 3028 iura
875 2969 1016 3046 querelis,

259 3050 382 3111 Certent
402 3050 528 3129 laetitia,
552 3063 712 3132 nosterque
736 3071 774 3112 en
795 3052 898 3113 ordino
917 3052 1005 3112 collis

257 3134 446 3212 Confremat,
469 3145 499 3196 et
518 3136 624 3198 sileant
646 3138 758 3217 peioris
774 3154 919 3196 murmura
941 3136 1050 3197 lamae!

258 3220 375 3299 Quippe
398 3229 494 3280 nranet
515 3221 692 3300 longumque
713 3238 789 3281 aevo
811 3222 953 3282 redeunte
972 3218 1110 3295 manebit,
1233 3228 1266 3278 lo

258 3303 354 3378 Quem
375 3318 470 3383 penes
491 3306 654 3384 intrepidae
676 3307 753 3365 mitis
771 3307 904 3366 custodia
927 3305 1047 3365 Romae.

255 3387 321 3449 Nec
344 3397 451 3449 tantum
471 3388 614 3450 induerint
635 3390 703 3450 lutis
723 3407 801 3449 nova
824 3390 944 3451 saecula
966 3390 1086 3461 crimen,

256 3472 316 3532 Aut
335 3474 487 3533 instaurati
509 3473 681 3553 peccaverit
702 3491 752 3534 ara
775 3474 904 3534 Terenti.

321 3555 377 3616 Ast
389 3574 447 3633 ego
461 3575 518 3617 nec
529 3556 689 3634 Phoebum,
703 3575 875 3637 quamquam
887 3558 955 3618 mihi
967 3556 1054 3617 surda
1066 3557 1129 3616 sinc
1141 3555 1192 3614 illo

255 3640 389 3716 Plectra,
412 3659 469 3701 nec
486 3642 597 3702 Aonias
616 3641 730 3702 decima
751 3661 815 3701 curn
831 3642 950 3702 Pallade
972 3641 1065 3716 divas,
1231 3646 1266 3698 20

253 3723 314 3784 Aut
335 3725 434 3828 ruitern
457 3725 578 3803 Tegeae
599 3725 745 3787 Dircesve
768 3725 909 3803 hortabor
932 3727 1099 3863 alemunia}
