3134 4434
592 391 792 442 THEBAIDOS
814 392 884 440 LIB.
906 392 968 440 XII.

283 545 402 609 Clamor
425 558 461 609 et
477 549 605 609 emeritis
628 549 817 610 hilaris-tuba
838 549 947 608 nuntiat
967 548 1062 608 armis.
1132 571 1134 576 ·

280 634 360 693 Ante
383 633 485 693 ducem
506 635 600 712 spolia
620 642 651 693 et
672 634 734 693 duri
754 632 892 694 llavortis
913 635 1020 710 imago,

272 717 416 795 'Virginei
437 737 538 778 ourrus
560 719 759 796 cumulataque
778 718 890 778 fereula
912 719 1018 792 cristis,

281 801 323 862 Et
344 804 442 862 tristes
464 803 604 863 docuntur
625 804 693 880 equi
712 812 890 881 truncaeque
914 802 1066 880 bipennes,

282 886 358 960 Quis
378 905 496 948 nemora
517 896 547 947 et
565 888 687 947 solidam
709 886 854 948 Maeotida
878 887 1004 948 caedere
1023 894 1137 961 suetae,

283 969 446 1050 Corytique
468 973 551 1032 leves
572 981 722 1050 portantur
745 981 775 1031 et
797 973 883 1049 ignea
908 972 1029 1049 gemmis

282 1053 406 1133 Cingula
430 1065 460 1116 et
481 1058 620 1116 informes
642 1057 819 1137 dominarum
843 1057 982 1133 sanguine
1007 1055 1115 1134 peltae.

281 1140 370 1218 Ipsae
392 1151 487 1201 autem
507 1142 632 1201 nondum
654 1142 786 1219 trepidae
809 1159 968 1220 sexumque
987 1140 1122 1217 fatentur,

281 1223 349 1285 Neo
369 1226 491 1304 vulgare
513 1235 631 1304 gemunt
651 1236 899 1304 aspernanturque
921 1227 1048 1304 precari,

281 1308 323 1370 Et
344 1318 450 1370 tantum
472 1312 609 1389 innuptae
631 1321 772 1388 quaerunt
794 1309 915 1371 delubra
936 1309 1094 1370 Minervae.

347 1393 458 1454 Primus
480 1413 561 1456 amor
581 1396 674 1455 niveis
694 1396 836 1456 victorem
859 1413 980 1455 eernere
1003 1405 1118 1454 vectum

284 1477 486 1557 Quadriiugis,
506 1498 638 1539 necnon
659 1480 787 1558 populos
810 1483 838 1540 in
859 1488 953 1539 semet
972 1479 1078 1557 agebat

283 1558 461 1642 Hippolyte,
484 1567 539 1625 ianr
561 1565 666 1626 blanda
687 1583 778 1643 genas
801 1567 973 1644 patiensque
994 1565 1111 1649 marim

282 1646 441 1718 Foederis;
464 1649 539 1709 bauo
560 1651 671 1729 patriae
693 1651 764 1708 ritus
785 1651 911 1727 fregisse
934 1648 1080 1709 severos‘
1232 1655 1282 1710 535

283 1732 419 1793 Atthides
441 1734 578 1813 obliquae
601 1753 700 1795 seeum
719 1734 857 1795 mirantur
875 1743 979 1812 operto

283 1816 447 1894 Murmure,
472 1820 549 1899 quod
572 1820 651 1880 nitidi
674 1821 788 1896 crines,
812 1819 889 1899 quod
911 1827 1033 1898 pectora
1056 1816 1133 1896 palla

285 1900 360 1960 'l'ota
382 1902 487 1978 latent,
517 1905 627 1980 magnis
650 1904 727 1981 quod
748 1903 872 1963 barbara
895 1910 989 1963 semet
1010 1901 1133 1960 Athenis

284 1985 409 2046 Misceat
430 1988 614 2067 atque.bosti
636 1989 734 2048 veniat
754 1990 881 2066 paritura
903 1988 1015 2047 marito.

349 2069 466 2131 Paulum
489 2080 519 2131 et
540 2073 576 2131 ab
599 2073 720 2131 insessis
742 2081 872 2131 moestae
895 2071 1070 2149 Pelopeides
1091 2071 1149 2130 aris
1234 2079 1286 2133 tto

285 2155 463 2216 Promouere
482 2158 602 2234 gradum
624 2157 789 2235 seriemque
810 2165 840 2216 et
859 2156 934 2217 dona
956 2155 1089 2234 triumphi

284 2239 434 2316 llirautur,
459 2243 586 2320 victique
608 2243 702 2302 animo
717 2242 833 2302 rediere
849 2242 952 2302 mariti.

286 2324 383 2404 Atque
405 2325 453 2386 ubi
474 2326 598 2386 tardavit
619 2345 720 2386 currus
742 2335 772 2386 et
793 2325 829 2387 ab
851 2344 906 2386 axe
928 2324 1059 2404 superbo

284 2409 429 2488 Explorat
451 2429 555 2472 causas
576 2413 672 2471 victor
693 2413 847 2491 poscitque
872 2411 997 2488 benigna

286 2494 366 2554 Aure
390 2514 515 2574 preces,
536 2513 605 2557 ausa
626 2504 692 2556 ante
715 2496 786 2557 alias
809 2494 955 2576 Capaneia
978 2496 1097 2555 coniux:
1234 2505 1285 2559 545

350 2579 498 2658 ‘Belliger
519 2579 651 2658 Aegide,
673 2581 786 2641 subitae
809 2583 855 2640 oui
876 2582 999 2641 maxima
1023 2579 1116 2640 laudis

287 2665 404 2723 Semina
425 2665 462 2725 de
483 2668 590 2725 nostris
613 2669 707 2744 aperit
728 2665 854 2725 Fortuna
873 2667 973 2738 ruinis,

288 2747 354 2807 Non
376 2757 496 2808 externa
515 2767 609 2826 genus
631 2751 710 2810 dirae
731 2767 788 2809 nee
810 2751 927 2809 conseia
946 2766 1041 2808 noxae

288 2832 384 2892 Turba
406 2851 517 2900 sumus;
540 2833 641 2893 domus
663 2833 762 2910 Argos
785 2842 848 2893 erat
867 2851 1016 2911 regesque
1036 2833 1140 2907 mariti,
1199 2832 1202 2839 '

286 2916 353 2977 Nou
374 2919 479 2977 utinam
501 2927 531 2978 et
550 2919 654 2980 lortes.
698 2917 773 2992 Quid
794 2920 868 2978 enim
887 2926 1010 2996 septena
1030 2934 1149 2976 movere
1235 2927 1287 2980 550

288 3001 390 3063 Castra
413 3012 442 3063 et
463 3002 639 3080 Agenoreos
662 3020 736 3082 opus
760 3003 913 3063 emendare
936 2999 1079 3081 penates?

287 3087 352 3148 Neo
374 3088 521 3166 querimur
541 3105 662 3163 eaesos,
689 3088 764 3148 haee
784 3087 892 3148 bellica
911 3089 973 3147 iura
992 3087 1134 3165 measque

287 3173 455 3241 Armorum3
478 3172 532 3232 sed
554 3190 612 3233 non
633 3172 739 3232 Siculis
760 3182 862 3232 exorta
884 3171 937 3231 sub
960 3173 1049 3231 antris

287 3257 433 3333 lllonstra,
456 3275 512 3317 neo
533 3257 636 3317 Ossaei
659 3256 738 3317 bello
762 3257 898 3316 cecidere
920 3255 1104 3317 bimembres.

286 3341 369 3401 blitto
384 3360 477 3418 genus
490 3343 646 3422 olarosque
658 3351 772 3420 patres:
790 3342 948 3418 bominum,
964 3341 1063 3401 inolite
1075 3339 1203 3415 Theseu,
1235 3350 1286 3403 555

288 3427 413 3503 Sanguis
435 3437 532 3503 eraut,
559 3428 705 3503 bomines,
730 3428 891 3506 eademque
914 3427 1055 3487 insidere
1075 3425 1196 3485 eosdem

288 3513 414 3570 Sortitus
436 3513 590 3572 animarum
613 3512 804 3590 alimentaque
826 3521 925 3571 vestra
947 3512 1048 3586 urenti,

289 3594 371 3668 Quos
391 3605 470 3656 vetat
491 3600 559 3674 igne
581 3595 679 3656 Creon
701 3598 881 3674 Stygiaeque
902 3614 918 3657 a
940 3596 1037 3655 limine
1060 3603 1166 3671 portae

290 3676 353 3740 Ceu
376 3690 464 3745 sator·
476 3680 667 3744 Eumenidum
689 3691 740 3745 aut
758 3681 887 3745 betbaei
904 3683 1038 3762 portitor
1059 3676 1160 3734 anxu'xs
