3134 4434
453 486 772 536 r.rneru11suar11
794 488 898 537 unua,
920 489 990 538 um.
1006 491 1055 540 rx.
1196 476 1254 539 183

255 648 432 708 lncestarum
458 646 567 720 avium,
591 644 679 722 longe
701 646 807 724 quibus
828 664 897 707 aura
918 654 1071 707 nocentem

256 734 334 792 Aera
356 732 549 807 desertasque
570 729 635 789 tulit
657 731 719 789 sine
740 730 843 791 funere
863 739 986 799 mortes;

257 817 311 877 lilo
333 816 434 877 avidae
458 832 521 873 eum
543 830 618 873 voce
637 823 737 890 ruunt,
760 825 845 875 sonat
867 815 972 876 arduus
992 813 1093 875 aether
1219 825 1254 878 30

256 900 424 976 Plausibus,
448 909 477 959 et
499 898 585 958 coelo
607 899 745 959 volucres
766 918 887 961 cessere
909 900 1045 959 minores.
1254 919 1255 922 ¹

320 985 408 1046 Fama
428 1003 481 1062 per
502 982 627 1043 Aonium
647 985 751 1062 rapido
771 1002 847 1061 vaga
867 1001 1011 1045 murmure
1032 1001 1163 1063 campum

257 1072 410 1149 Spargitur
428 1071 457 1129 in
478 1077 601 1143 turmas,
623 1069 711 1128 solito
731 1070 880 1148 pernicior
901 1069 989 1130 index

257 1157 350 1228 Quum
370 1153 496 1230 lugenda
517 1153 625 1229 refert,
649 1153 760 1230 donec,
785 1155 830 1214 cui
853 1156 975 1214 maxima
993 1154 1079 1214 laudo

255 1241 366 1300 Damna
384 1238 477 1314 vehit,
506 1239 636 1317 trepidas
658 1237 740 1316 lapsa
763 1248 809 1299 est
829 1238 976 1314 Polynicis
997 1238 1032 1299 ad
1054 1257 1149 1300 aures.
1221 1249 1254 1303 35

256 1324 389 1401 Deriguit
410 1324 539 1398 iuvenis,
563 1322 759 1401 lacrimaeque
781 1322 907 1384 haesere
928 1333 1057 1402 paratae,

260 1409 297 1468 Et
318 1417 450 1468 cunctata
469 1406 556 1476 fides;
579 1409 694 1467 nimium
715 1426 780 1467 nam
801 1410 917 1486 cognita
937 1408 1028 1468 virtus

258 1493 388 1553 Oenidae
411 1492 491 1552 credi
513 1491 601 1551 letum
620 1492 780 1571 suadetque
799 1502 946 1571 vetatque.

258 1579 318 1638 Sed
341 1586 492 1656 postquam
514 1574 589 1636 haud
610 1576 698 1637 dubio
722 1577 821 1638 clades
843 1584 962 1638 auctore
983 1586 1102 1656 reperta
1124 1585 1179 1654 est,

257 1663 324 1722 Nox
346 1661 448 1722 oculos
470 1670 654 1740 mentemque
676 1664 765 1741 rapit;
793 1672 851 1723 tum
872 1662 1011 1739 sanguine
1034 1661 1093 1721 lixo
1220 1672 1255 1726 40

257 1746 386 1807 Membra
406 1745 506 1822 simul,
529 1746 613 1806 simul
634 1765 713 1807 arma
734 1756 836 1816 ruunt}
858 1748 955 1808 madet
975 1745 1064 1807 ardua
1085 1746 1154 1807 lietu

257 1833 316 1892 lam
341 1832 442 1908 galea,
470 1839 556 1911 atque
579 1848 688 1892 ocreae
710 1832 836 1910 clipeum
858 1849 1006 1910 excepere
1029 1831 1189 1892 cadentem.

257 1917 283 1976 lt
304 1925 433 1976 moestus
455 1933 550 1992 genua
573 1934 662 1993 aegra
682 1917 801 1976 trahens
822 1917 991 1995 hastamque
1012 1926 1194 1996 sequentem,

257 2000 434 2062 Vulneribus
456 2019 509 2060 ceu
531 2001 610 2061 mille
630 2003 727 2077 gravis
746 2010 885 2080 totosque
905 2019 959 2080 per
980 2009 1060 2061 artus

258 2087 397 2160 Saucius,
421 2086 557 2144 assistunt
579 2087 652 2145 socii
671 2094 889 2164 monstrantque
910 2093 1072 2163 gementes.
1220 2095 1253 2150 45

258 2170 385 2230 Tandem
406 2169 456 2228 ille
477 2168 615 2245 abiectis,
637 2170 687 2229 vix
708 2187 783 2248 quae
807 2178 990 2249 portaverat,
1013 2172 1097 2229 armis

258 2255 358 2315 Nudus
380 2255 408 2312 in
431 2255 544 2330 egregii
564 2272 686 2313 vacuum
707 2257 762 2314 iam
784 2272 891 2333 corpus
913 2255 996 2314 amici

258 2340 402 2412 Procidit,
430 2349 459 2398 et
480 2339 530 2399 tali
550 2338 683 2398 lacrimas
706 2358 771 2398 cum
790 2356 865 2399 voce
883 2338 1026 2420 proludit:

323 2423 436 2483 ‘Hasne
458 2423 526 2499 tibi,
556 2440 699 2483 armorum
722 2442 792 2503 spes
815 2441 832 2483 o
854 2440 989 2503 suprema
1009 2441 1148 2500 meorum,

259 2509 386 2585 Oenide,
409 2518 523 2586 grates,
551 2508 625 2568 haec
647 2510 775 2586 praemia
798 2509 884 2587 digna
902 2507 1034 2588 rependi,
1220 2521 1255 2574 50

258 2594 358 2654 Nudus
381 2603 410 2652 ut
431 2595 522 2654 invisa
544 2590 644 2653 Cadmi
664 2594 768 2654 tellure
791 2595 906 2655 iaceres

260 2679 378 2756 Sospite
398 2675 466 2737 me?
496 2696 571 2738 nuno
591 2678 658 2738 exul
680 2696 738 2757 ego
760 2689 967 2757 aeternumque
990 2678 1117 2755 fugatus,

259 2762 380 2835 Quando
402 2763 475 2821 alius
496 2765 603 2822 misero
626 2781 662 2823 ac
684 2764 789 2824 melior
810 2764 877 2824 mihi
899 2763 988 2824 irater
1009 2763 1168 2842 ademptus.

260 2847 323 2905 Nec
345 2848 401 2905 iarn
422 2848 539 2906 sortitus
561 2857 680 2906 veteres
701 2849 843 2926 regnique
865 2848 998 2907 nocentis
1080 2860 1083 2866 ’

259 2932 407 2990 Periurum
429 2930 560 2990 diadema
579 2940 663 3008 peto;
687 2948 745 3009 quo
768 2932 872 3008 gaudia
891 2932 961 2990 tanti
1221 2941 1255 2992 55

259 3015 363 3094 Empta
384 3014 467 3090 milri,
490 3023 538 3075 aut
559 3024 721 3092 sceptrum,
746 3014 824 3094 quod
845 3033 903 3076 nou
924 3025 972 3076 tua
995 3015 1117 3077 dextera
1139 3013 1254 3077 tradet?

261 3100 320 3175 lte,
341 3100 414 3174 viri,
438 3099 590 3177 solumque
611 3098 676 3159 lero
698 3118 744 3159 me
766 3100 885 3179 linquite
909 3099 999 3161 fratri.

259 3185 307 3244 Nil
329 3202 404 3263 opus
427 3201 503 3244 arma
525 3184 599 3243 ultra
620 3192 764 3263 temptare
786 3194 817 3245 et
839 3185 966 3264 perdere
986 3194 1107 3262 mortes,

260 3269 319 3344 lte,
342 3287 464 3347 precor;
494 3268 560 3348 quid
582 3270 637 3328 iarn
660 3268 762 3331 dabitis
784 3269 852 3330 mihi
874 3270 998 3348 denique
1018 3268 1129 3331 maius?

263 3354 363 3430 Tydea
384 3355 563 3432 consumpsi,
586 3371 707 3432 quanam
728 3354 786 3415 lroc
807 3372 864 3432 ego
886 3364 979 3415 morte
1002 3352 1110 3434 piabo?
1222 3365 1256 3420 60

261 3438 285 3497 0
306 3457 409 3513 socer,
436 3456 453 3498 o
471 3438 559 3516 Argi!
583 3448 613 3497 et
630 3440 740 3518 primae
762 3438 839 3500 bona
857 3440 951 3517 iurgia
972 3441 1078 3517 noctis,

261 3525 459 3601 Alternaeque
480 3541 580 3584 manus
603 3533 633 3582 et
657 3524 737 3601 longi
759 3526 865 3602 pignus
886 3525 992 3584 amoris

258 3610 304 3670 lra
328 3609 441 3677 brevis;
464 3626 522 3668 non
541 3625 588 3668 me
609 3627 680 3668 ense
701 3619 750 3669 tuo
769 3619 859 3685 tunc,
876 3610 999 3670 maxime
1022 3608 1133 3686 Tydeu,

260 3693 297 3753 Et
319 3701 453 3773 poteras,
475 3694 567 3753 nostri
588 3703 742 3754 mactatum
764 3695 793 3754 iu
815 3694 912 3754 limine
936 3690 1076 3754 ddrasstt.

259 3777 440 3850 Quinetiam
463 3777 579 3842 ldebas
601 3798 648 3843 rue
673 3790 800 3863 propter
824 3789 856 3843 et
874 3779 965 3860 inp'ua
979 3775 1090 3836 lamus
1262 3769 1307 3814 111
