3134 4434
628 474 806 530 stnvattttta
826 480 858 532 L.
881 481 914 529 V.

265 633 412 718 Num'qnid
431 634 586 697 inaccesso
606 635 695 716 posui
715 637 841 716 vestigia
863 635 953 698 lucc?

264 720 341 783 Νιιιιι
360 720 454 781 vetito
473 719 512 781 dc
532 718 615 780 iente
635 718 720 780 bibi?
741 718 826 794 Quae
846 719 948 800 culpa,
973 722 1036 800 quis
1055 738 1150 800 error,
1252 734 1257 747 ·

265 804 361 880 Quem
382 803 491 865 luimus¹
508 804 595 865 tantis
614 802 826 866 moeroribus?
848 803 933 866 Ecce
955 804 1074 867 lacertis
1178 826 1183 837 ·

264 888 393 951 Viscera
412 897 512 950 nostra
536 896 641 949 teneus
662 889 844 968 animamque
865 889 1003 951 avellitur
1022 889 1128 966 inians,

264 973 332 1036 Νοιι
352 972 391 1033 de
411 973 505 1053 stirpe
525 972 657 1052 quidem,
679 990 737 1035 uec
757 975 807 1054 qui
830 990 894 1036 mea
916 975 1031 1034 nomina
1050 974 1144 1036 ferret
1239 988 1273 1040 ιο

265 1057 408 1138 Oraque;'
427 1072 485 1118 ncn
505 1056 618 1119 ineram
638 1058 772 1136 genitor,
796 1057 850 1119 sed
871 1059 984 1119 cernite
1005 1057 1091 1120 fletus

263 1140 465 1220 liventesque
482 1150 576 1220 genas
598 1149 628 1201 et
649 1141 762 1202 credite
783 1140 950 1222 planctibus
974 1141 1059 1202 orbi:

265 1225 363 1287 Orbus
385 1241 454 1304 ego.
496 1223 561 1285 linc
579 1233 680 1305 patres
702 1234 731 1286 et
753 1235 858 1307 aperte
882 1235 1004 1306 pectore
1026 1234 1134 1288 matres
1218 1228 1261 1249 ··’

264 1308 467 1388 Conveniam,
488 1310 663 1389 cineresque
686 1310 781 1371 oculis
804 1318 835 1371 et
857 1311 984 1371 cannina
1003 1309 1089 1372 iente.

264 1396 296 1456 st
319 1411 377 1474 qua
400 1393 453 1454 sub
476 1392 614 1454 uberibus
635 1392 732 1474 plenis
753 1393 791 1455 ad
808 1393 910 1456 lunera
932 1402 1019 1455 natus

264 1479 333 1558 ipsa
355 1477 449 1557 gradu
469 1476 587 1539 labente
609 1478 675 1540 tulit
695 1479 896 1558 madidumque
920 1477 1027 1540 cecidit

264 1562 372 1624 Pectus
394 1570 423 1622 et
446 1561 583 1623 ardentes
602 1562 738 1623 restinxit
756 1563 834 1623 lacte
856 1562 989 1632 iavillas;

264 1645 406 1726 Quisquis
418 1645 519 1707 adbuc
540 1655 663 1707 tenerae
683 1648 827 1726 signatum
847 1646 923 1708 flore
943 1647 1077 1708 iuventae

262 1730 400 1793 inmersit
421 1731 513 1791 cineri
534 1732 669 1792 invenem
690 1734 843 1812 primaque
863 1730 986 1794 iacentis

263 1817 395 1895 Serpens
417 1814 554 1876 crudeles
574 1814 646 1877 vidit
668 1816 805 1894 lanugine
826 1815 966 1892 dammas,
1055 1855 1059 1863 ·

263 1900 350 1962 Adsit
371 1907 402 1961 et
420 1899 534 1960 alterno
555 1914 669 1961 mecum
682 1900 823 1961 ¹clamore
842 1901 972 1962 fatiscat:

262 1982 405 2045 Vincetur
424 1983 570 2060 lacrimis,
590 1993 620 2045 et
638 1993 688 2063 te,
711 1993 829 2062 natura,
852 1984 983 2064 pudebit.

263 2067 355 2131 'lanta
374 2066 443 2128 mibi
464 2067 582 2145 lenitas,
604 2074 683 2130 tanta
705 2076 752 2130 est
772 2069 883 2130 insania
905 2068 1010 2129 luctus.

325 2151 392 2213 lloc
413 2167 532 2232 qnoque
552 2152 618 2213 dum
639 2144 732 2231 nitor,
754 2160 802 2214 ter
823 2150 897 2214 dena
921 2153 988 2212 luce
1007 2160 1129 2230 peracta

261 2236 395 2298 Acclinis
415 2236 526 2298 tumulo
547 2236 674 2298 luctus
663 2246 694 2297 ιιι
715 2238 843 2298 cannina
864 2244 962 2312 verte

259 2320 484 2400 Discordesque
506 2320 609 2381 modos
631 2329 663 2381 et
682 2321 868 2400 singultantia
890 2318 982 2380 verba

260 2403 379 2467 liolicr.
425 2404 499 2466 Orsa
520 2401 585 2441 ***
606 2414 667 2466 est:
691 2414 779 2485 atmre
801 2406 843 2466 ira
865 2403 981 2467 tacendi
1016 2434 1020 2439 ·

259 2490 419 2570 inpatiens.
461 2489 520 2550 Sed
541 2498 598 2549 ned
619 2488 727 2550 solitae
746 2490 815 2551 mill
837 2491 951 2551 vertice
969 2489 1079 2563 laurus,

257 2572 326 2636 Nee
347 2573 436 2661 incuti
453 2573 572 2634 vittatus
590 2572 695 2633 bonde
735 2572 780 2633 En
802 2582 888 2635 tanea
909 2580 1021 2633 marcet
1245 2612 1251 2625 ·

258 2658 342 2719 Silva
365 2657 472 2733 comis,
496 2657 666 2735 hilaresque
686 2656 813 2719 bedenas
837 2659 952 2737 plorata
973 2670 1131 2736 cupressus
1232 2666 1268 2720 30

258 2740 400 2803 Excludit
420 2740 524 2810 ramls;
545 2740 653 2818 ignavo
665 2741 788 2820 'pollice
808 2742 934 2802 chordas

259 2825 367 2902 Pulso,
391 2824 444 2885 sed
465 2827 607 2886 incertum
629 2825 727 2902 nigrans
748 2823 910 2887 errantibus
928 2842 1028 2886 amens
1049 2836 1052 2843 ’

257 2909 370 2971 Scindc
389 2907 506 2986 chelyn.
549 2907 835 2988 Iuvat'bbnsiutat
850 2908 1029 2973 inlaudabile
1050 2924 1168 2968 carmen
1225 2932 1228 2939 ·
1255 2908 1261 2937 ³

257 2992 395 3056 Fundere
417 3002 446 3053 et
467 2993 772 3072 incompte-enitemur
793 2994 913 3055 laudare
934 2993 1076 3053 delerem.
1206 2988 1260 3069 ·='·[

256 3079 309 3140 Sic
328 3077 434 3153 merui,
458 3078 502 3138 sic
522 3094 569 3137 me
592 3084 736 3159 cumdque
755 3078 915 3157 instrucre
931 3077 1081 3136 ‘nefastum
1230 3080 1265 3153 35

256 3161 431 3241 Adspiciant
452 3161 572 3240 superi.
605 3160 719 3224 runem
737 3162 916 3242 Thebasque
936 3174 1102 3239 uerumque
1244 3160 1261 3185 ²

256 3246 429 3323 Aeaciden,
453 3245 523 3306 nil
514 3262 571 3307 ram
592 3243 731 3346 placitum
752 3248 879 3308 manabit
897 3246 933 3308 ab
956 3263 1019 3307 ore

322 3328 377 3390 lile
400 3345 474 3408 ego,
497 3329 547 3409 qui
567 3322 676 3391 totiens
690 3326 825 3391 'blandus
841 3326 1021 3410 matrumque
1043 3339 1214 3408 patrumque

256 3412 408 3491 Vulnera,·
427 3415 485 3494 qui
499 3414 595 3474 viros
601 3416 702 3492 ¹mittini
700 3415 849 3476 ntnlcere
859 3416 1024 3481 ‹lttlcres;=¹¹

255 3496 312 3559 lile
333 3515 391 3577 ego
414 3499 563 3576 lugentum
576 3499 669 3559 mitis
671 3496 811 3576 solator,
830 3499 981 3560 aseritis
1038 3518 1043 3533 ¹
1087 3512 1100 3533 ·'
1229 3504 1264 3557 rt

255 3581 385 3642 Auditus
403 3582 524 3643 tunnulis
545 3588 577 3643 et·
585 3583 841 3644 descendentibus
862 3583 1026 3659 ambulas*
1234 3566 1262 3622 Ν

254 3665 373 3727 Delicio
393 3667 582 3761 medicasque
601 3680 711 3728 manue
724 3669 912 3746 iumentaque
933 3680 1045 3746 quaere
1102 3685 1105 3689 ¹

255 3747 451 3830 Vulneribus,
476 3753 826 3829 qucesnnm1‚·mcts·-
836 3751 933 3813 liano
955 3744 1245 3893 ιείιιιιέιιιιιίιί
