3134 4434
581 476 781 527 THEBAIDOS
803 478 873 528 ΜΒ.
896 480 948 529 ΙΠ.

267 637 424 699 Crudelem
446 634 560 699 veniam
582 644 671 714 atque
691 633 852 698 inhonorae
873 638 991 698 munera
1014 638 1099 700 lucis.

266 723 327 785 Sed
344 723 411 783 mihi
434 725 513 784 iussa
533 721 618 782 deum
640 720 809 800 placitoque
831 723 933 799 ignara
953 724 1065 784 moveri

266 810 411 889 Atropos,
435 819 522 889 atque
546 807 615 868 olim
635 822 693 866 non
715 804 790 865 haec
811 807 877 868 data
899 809 983 869 ianua
1005 809 1057 869 leti

265 893 410 973 Eripuere
433 911 552 962 necem;
574 893 689 971 iamque
710 899 741 949 ut
763 891 830 952 mihi
851 892 975 972 prodiga
997 895 1076 955 vitae

265 979 407 1056 Pectora,
428 989 457 1040 et
479 988 637 1039 extremam
659 978 728 1040 nihil
746 976 948 1039 horrescentia
969 990 1091 1040 mortem
1232 997 1268 1053 70

264 1064 436 1143 Adspicias:
459 1063 569 1124 bellum
589 1065 733 1125 infandum
755 1063 957 1143 ominibusque
975 1074 1109 1142 negatam

264 1147 398 1227 Movisti,
421 1149 555 1226 lunesto,
579 1151 688 1227 aciem,
712 1149 779 1211 dum
798 1149 913 1228 pellere
935 1149 1019 1227 leges

264 1233 302 1294 Et
325 1235 541 1312 consanguineo
563 1234 664 1312 gliscis
686 1252 812 1314 regnare
835 1232 981 1312 superbus

264 1317 377 1388 Exule;
402 1329 430 1380 te
452 1320 547 1379 series
568 1318 703 1381 orbarum
723 1320 825 1381 excisa
845 1319 994 1383 domorum

263 1404 429 1464 Planctibus
452 1404 592 1480 assiduis,
615 1412 644 1464 te
668 1404 731 1464 diro
752 1404 876 1464 horrore
896 1403 1030 1464 volantes
1229 1419 1262 1474 75

264 1487 478 1567 Quinquaginta
502 1489 613 1548 animae
637 1489 744 1548 circum
765 1496 929 1569 noctesque
951 1488 1074 1570 diesque

263 1573 419 1643 Assilient;
442 1591 540 1652 neque
560 1572 635 1633 enim
655 1574 719 1652 ipse
736 1577 860 1634 moror?
900 1573 960 1633 lam
980 1584 1113 1636 moverat
1133 1579 1191 1638 iras

263 1657 330 1718 Rex
351 1658 447 1735 ierus,
470 1667 499 1718 et
519 1660 619 1718 tristes
640 1659 795 1736 ignescunt
808 1659 953 1736 sanguine
974 1658 1079 1720 vultus.

323 1742 394 1803 lnde
415 1744 490 1804 ultro
514 1743 660 1821 Phlegyas
683 1752 712 1804 et
733 1761 791 1804 non
813 1752 965 1804 cunctator
987 1745 1075 1824 iniqui

261 1827 427 1905 Labdacus,
458 1828 513 1888 hos
535 1830 619 1906 regni
638 1828 747 1889 ferrum
769 1845 880 1908 penes,
904 1830 946 1889 ire
968 1846 1114 1908 manuque
1227 1845 1264 1899 80

262 1912 439 1974 Proturbare
461 1923 572 1992 parant.
618 1913 677 1974 Sed
695 1915 751 1975 iam
769 1913 929 1974 nudaverat
947 1932 1048 1974 ensem

260 1996 459 2075 blagnanimus
477 2008 577 2076 vates,
598 2007 629 2058 et
654 2016 731 2058 nunc
751 2000 842 2058 mucis
862 2014 913 2059 ora
935 2001 1059 2076 tyranni,

260 2081 344 2143 Nunc
366 2082 475 2143 ferrum
497 2082 687 2162 adspectans:
710 2081 891 2163 ‘Numquam
912 2081 964 2142 tibi
983 2085 1132 2161 sanguinis
1151 2086 1234 2147 huius

261 2166 309 2226 lus
332 2169 400 2244 erit,
422 2177 470 2228 aut
491 2184 596 2245 magno
619 2168 710 2228 lenies
729 2168 873 2247 inperdita
892 2166 994 2243 Tydeo

261 2251 400 2320 Pectora;
424 2252 500 2314 vado
524 2253 660 2331 equidem
682 2252 815 2312 exultans
836 2261 997 2332 ereptaque
1018 2251 1077 2314 iata
1226 2267 1261 2319 aa

260 2336 404 2416 lnsequor
425 2347 455 2398 et
476 2339 598 2398 comites
620 2337 702 2398 ieror
724 2345 896 2416 expectatus
918 2337 953 2397 ad
974 2335 1100 2407 umbras.

261 2421 304 2481 Te
327 2425 443 2501 superis
465 2423 618 2502 fratrique’
639 2421 695 2483 —l
716 2421 830 2483 Etiam
851 2421 946 2483 media
968 2439 1036 2482 orsa
1057 2423 1203 2503 loquentis

260 2505 430 2568 Abstulerat
450 2507 567 2587 plenum
591 2505 697 2588 capulo
715 2507 804 2576 latus:
826 2502 877 2567 ille
901 2506 997 2568 dolori
1113 2528 1116 2533 ’

261 2592 370 2669 Pugnat
389 2602 419 2652 et
440 2593 587 2672 ingentem
607 2594 675 2654 nixu
698 2592 862 2673 duplicatus
882 2593 911 2653 in
931 2593 1019 2653 ictum

262 2674 394 2754 Corruit,
414 2678 612 2759 extremisque
630 2678 741 2741 animae
761 2676 934 2756 singultibus
958 2695 1058 2738 errans
1178 2712 1181 2719 ·
1224 2692 1262 2744 90

259 2760 397 2821 Alternus
414 2781 490 2824 nunc
512 2780 564 2822 ore
585 2764 682 2840 venit,
704 2780 779 2823 nunc
797 2762 920 2823 vulnere
942 2763 1070 2839 sanguis.

295 2887 302 2901 .
322 2844 475 2906 Excussae
498 2862 654 2924 procerum
673 2856 802 2923 mentes,
826 2845 999 2925 turbataque
1018 2857 1145 2906 mussant

260 2928 408 2991 Consilia:
431 2937 477 2990 ast
497 2929 576 2989 illum
599 2931 705 2991 coniux
723 2930 832 3010 fidique
852 2939 990 3008 parentes

259 3018 430 3076 Servantem
450 3014 547 3074 vultus
566 3022 596 3073 et
615 3023 730 3074 torvum
751 3014 780 3074 in
801 3022 895 3074 morte
919 3021 1062 3093 peracta,-

258 3101 323 3161 Nec
344 3098 462 3178 longum
484 3098 622 3159 reducem
644 3096 742 3160 laetati
762 3099 791 3159 in
812 3107 890 3159 tecta
911 3097 1055 3159 ferebant.
1222 3112 1268 3166 95·

322 3183 384 3245 Sed
406 3184 488 3246 ducis
504 3183 612 3245 inlandi
633 3183 754 3245 rabidae
774 3200 834 3244 non
856 3183 996 3245 hactenus
1019 3183 1081 3243 irao

257 3271 342 3331 Stare
366 3279 487 3348 queunt;
508 3278 589 3330 vetat
608 3270 677 3348 igne
697 3270 777 3350 rapi,
800 3268 1112 3348 pacemque-sepulcri

257 3355 356 3433 lnpius
378 3356 486 3432 ignaris
507 3356 698 3434 nequicquam
719 3353 850 3416 manibus
872 3363 966 3415 arcet·

322 3437 365 3499 Tu
387 3448 482 3502 tamen
504 3441 644 3520 egregins
662 3439 714 3499 lati
735 3440 916 3519 mentisque,
939 3456 1151 3518 neo·nmquam

256 3523 406 3603 Indignum
427 3543 548 3603 passure
571 3527 671 3602 sitnm,
695 3525 743 3604 qui
766 3526 897 3585 cominus
917 3532 1037 3600 ausus·
1205 3536 1256 3588 100

255 3609 372 3670 Vadere
396 3617 591 3690 contemptum
612 3611 708 3689 regis,
732 3627 848 3689 quaque
862 3609 963 3688 ampla
986 3609 1103 3670 reniret

255 3694 387 3756 Libertas
406 3695 520 3755 sancire
537 3696 627 3756 mam:
651 3711 708 3774 quo
729 3695 857 3756 carmine
878 3694 1003 3773 dignam,
1086 3738 1089 3745 ·

257 3779 322 3853 Quo
344 3782 415 3843 satis
438 3797 491 3843 ore
512 3780 568 3843 tuis
589 3780 694 3844 lamam
713 3779 872 3844 virtutibus
891 3780 1017 3858 abdam,
1078 3822 1123 3918 ὢ
