3134 4434
331 449 394 512 256
668 460 700 508 1³.
721 456 856 509 naemu
878 460 996 512 susum

331 619 427 692 Dixit,
449 626 480 677 ct
500 615 652 696 abreptum
673 617 795 678 comites
814 618 843 677 in
864 625 942 678 tecta
964 617 1126 683 ferebant.

395 701 516 762 Flebilis
533 703 644 762 interea
662 703 761 762 vacuis
780 704 930 765 comitatus
952 703 990 764 ab
1011 704 1128 785 Argis,

331 788 419 849 Fama
440 786 525 847 trabit
549 787 687 862 miseras,
711 785 802 846 orbae
822 787 987 865 viduaeque
1009 791 1153 855 ruebant

328 871 482 934 Inachides
504 889 559 931 ceu
583 879 667 951 capta
686 889 801 942 maaus;
823 889 876 932 sua
896 871 1019 933 vulnera
1043 878 1178 958 cuique,

330 957 386 1017 Par
407 956 521 1017 babitus
544 957 671 1033 cunctis,
695 956 802 1016 deiecti
824 957 852 1015 in
874 964 998 1036 pectora
1020 961 1132 1023 crines

329 1042 522 1121 Accinctiquc
545 1042 638 1110 sinus;
659 1049 773 1101 manant
795 1039 894 1101 lacera
916 1057 968 1100 ora
989 1048 1132 1107 eruentis

330 1125 500 1204 Unguibus,
523 1135 553 1186 et
573 1125 679 1186 molles
700 1125 818 1204 planctu
841 1143 964 1186 crevere
986 1125 1114 1191 lacerti.
1293 1150 1324 1202 llt
1353 1122 1356 1187 ἑ

393 1210 486 1271 Prima
507 1229 562 1290 per
582 1211 717 1271 attonitas
738 1211 840 1288 nigrae
860 1211 961 1288 regina
983 1221 1138 1278 catervae

330 1295 472 1357 Tristibus
493 1295 626 1356 inlabens
647 1295 762 1356 famulis
780 1295 942 1374 iterumque
963 1313 1141 1377 resurgens

329 1380 451 1455 Quaerit
471 1381 555 1460 inops
574 1380 666 1458 Argia
687 1381 764 1450 vias;
787 1395 845 1439 non
866 1380 947 1457 regia
970 1381 1069 1460 cordi,

328 1463 394 1525 Non
417 1476 516 1544 pater,
539 1483 595 1526 una
615 1465 706 1542 fides,
729 1482 815 1525 unum
833 1464 979 1539 Polynicis
999 1471 1095 1530 amati

327 1548 442 1610 Nomen
460 1551 489 1609 in
511 1569 563 1610 ore
584 1550 679 1612 sedet.
720 1549 831 1610 Dircen
846 1549 1031 1627 infaustaque
1054 1550 1169 1619 Cadmi
1292 1572 1325 1624 lit

326 1632 443 1696 bloenia
465 1635 637 1714 posthabitis
658 1635 730 1694 velit
750 1633 908 1694 incoluisse
929 1632 1078 1708 Mycenis.

392 1720 525 1781 Proxima
545 1719 676 1780 Lernaeo
700 1717 895 1794 Calydonidas
915 1720 1030 1795 agmine
1053 1726 1173 1789 mixtas

328 1805 445 1880 Tydeos
469 1806 609 1883 exequias
631 1805 716 1864 trabit
736 1803 813 1864 baud
834 1821 953 1864 cessura
975 1808 1077 1866 sorori
1100 1859 1109 1873 .

326 1889 469 1968 Deipyle;
491 1889 588 1949 scelus
609 1889 660 1949 illa
682 1889 800 1966 quidem
821 1905 993 1966 morsusque
1015 1893 1177 1966 profanos

326 1973 467 2035 Audierat
484 1974 645 2034 miseranda
664 1974 735 2050 viri,
758 1974 812 2033 sed
834 1981 937 2036 cuncta
958 1973 1072 2036 iacenti
1291 1998 1322 2051 pp

327 2058 433 2119 lnielix
453 2060 579 2137 ignoscit
603 2076 693 2118 amor.
737 2057 807 2117 Post
828 2076 933 2137 aspera
954 2057 1020 2116 visu

326 2142 373 2205 Ad
395 2143 529 2204 deflenda
549 2153 645 2204 tamen
664 2144 751 2221 digno
774 2143 915 2221 plangore
936 2141 1054 2203 Nealce

326 2227 559 2308 Hippomedonta
582 2229 676 2297 ciens;
697 2229 771 2288 vatis
792 2245 860 2287 mox
880 2227 959 2305 inpia
980 2230 1095 2290 coniux

325 2311 390 2374 Heu
408 2330 518 2373 vacuos
536 2314 666 2392 positura
686 2329 796 2389 rogos,
819 2320 967 2395 postrema
985 2326 1169 2388 gementum

325 2396 449 2476 Agmina
466 2397 627 2458 Maenaliae
649 2397 726 2456 ducit
749 2414 849 2457 comes
864 2396 936 2457 orba
953 2394 1072 2459 Dianae
1290 2420 1323 2475 ltt

326 2481 364 2542 Et
384 2485 481 2559 gravis
503 2480 638 2551 Evadne;
660 2482 742 2542 dolet
759 2480 834 2541 haec
857 2483 1048 2561 queriturque
1072 2485 1209 2553 labores

325 2567 454 2627 Audacis
476 2569 575 2644 pueri;
596 2567 692 2642 magni
711 2583 822 2626 memor
843 2567 893 2627 illa
911 2566 1004 2626 mariti

324 2651 351 2713 lt
373 2661 485 2712 torvum
506 2652 659 2711 lacrimans
680 2652 855 2730 summisque
876 2651 1011 2711 irascitur
1032 2656 1143 2717 astris.
1226 2672 1230 2677 ·

325 2737 395 2798 lllas
415 2746 444 2796 et
466 2736 539 2796 lucis
557 2734 668 2795 Hecate
688 2736 839 2815 speculata
859 2735 982 2811 Lycaeis
1253 2786 1257 2793 .

324 2822 514 2901 Prosequitur
538 2822 662 2898 gemitu,
684 2821 851 2900 duplexque
870 2822 906 2881 ad
923 2820 990 2880 litus
1015 2832 1132 2886 euntes
1230 2826 1245 2840 ’
1288 2840 1323 2895 m

324 2907 438 2968 Planxit
455 2906 491 2966 ab
511 2905 663 2966 Isthmiaco
686 2907 821 2982 genetrix
842 2904 980 2966 Thebana
1001 2908 1177 2984 sepulcro;

324 2989 576 3070 Noctivagumque
599 3009 738 3068 gregem,
761 2991 892 3069 quamvis
914 2989 969 3049 sibi
991 2988 1099 3071 luget,
1125 2995 1257 3063 Eleusin

325 3074 420 3136 Flevit
444 3085 473 3135 et
494 3092 616 3135 arcanos
639 3075 802 3136 errantibus
824 3075 925 3135 extulit
946 3075 1044 3151 ignes.

324 3161 391 3239 lpsa
413 3179 466 3239 per
488 3179 608 3222 aversos
629 3161 706 3220 ducit
727 3161 859 3220 Saturnia
882 3159 976 3220 colles

326 3245 517 3324 Occultatque
539 3247 617 3321 vias,
637 3264 674 3305 ne
697 3245 783 3324 plebs
807 3261 967 3322 congressa
989 3261 1117 3310 suorum
1287 3264 1322 3319 135

324 3330 371 3390 lre
391 3338 473 3390 vetet
494 3341 655 3410 pereatque
677 3331 802 3407 ingentis
824 3330 917 3406 gloria
938 3330 1049 3407 coepti.

323 3415 387 3476 Nec
409 3433 467 3474 non
487 3415 585 3476 iuncta
606 3416 709 3476 ducum
728 3415 881 3474 refovendi
904 3431 1030 3493 corpora
1055 3437 1169 3488 curam

323 3499 377 3560 lris
400 3499 503 3575 babet,
526 3509 684 3579 putresque
706 3501 819 3561 arcanis
841 3498 955 3558 roribus
976 3508 1061 3563 artus

320 3583 554 3662 Ambrosiaeque
574 3585 650 3661 rigat
674 3587 785 3660 succis,
808 3594 839 3644 ut
860 3585 974 3662 longius
995 3584 1127 3654 obstent

322 3667 546 3748 Expectentque
567 3687 675 3745 rogos,
702 3670 828 3730 flammas
850 3687 925 3729 neue
947 3677 1015 3730 ants
1037 3672 1206 3747 fatiscant.
1287 3690 1321 3748 ιι

313 3756 476 3838 Squalidus
499 3775 573 3820 ecce
596 3773 690 3837 genas
711 3754 1134 3830 etb'uantiuulnereqallena
