3134 4434
574 438 773 489 THEBAIDOS
794 439 864 487 LIB.
886 440 933 487 lv.

254 595 356 674 Usque
378 595 491 657 adeone
511 613 611 676 parum
635 596 726 657 ciueri
744 595 811 657 data
832 604 923 656 mater
943 594 1052 673 iniquo,

252 681 430 759 Natalesque
448 683 524 759 rogi,
547 699 679 760 quaeque
699 681 765 760 ipse
786 681 919 741 micantia
939 681 1019 760 sensi

251 762 400 842 Fulgura?
443 765 604 845 Relliquias
626 766 712 827 etiam
732 765 875 844 fusaeque
897 763 1062 843 sepulcrum
1196 771 1247 828 676

255 850 373 911 Pelliois
396 860 426 910 et
448 850 573 911 residem
594 851 675 911 ferro
697 850 770 929 petit
793 847 914 930 inproba
936 847 1065 909 Theben.-

253 934 376 995 Nectam
395 935 497 997 fraude
517 950 631 1004 moras;
654 934 750 1012 illum,
771 934 851 995 illum
871 934 979 995 tendite
1001 950 1142 1014 campum,

253 1018 393 1096 Tendite,
414 1021 458 1096 io,
482 1021 624 1095 comites'
655 1017 789 1096 Hyrcana
810 1019 948 1097 adsigna
971 1018 1084 1097 iugales

251 1102 417 1164 Intumuere
439 1103 535 1181 iubas,
559 1103 635 1165 dioto
655 1104 735 1183 prius
756 1103 863 1165 adstitit
881 1104 968 1164 arvis.

317 1187 442 1268 Tempus
465 1199 544 1266 erat,
565 1188 652 1250 medii
674 1206 766 1268 quum·
779 1188 874 1249 solem
895 1191 923 1248 in
938 1188 1062 1249 culmina
1079 1188 1175 1249 muudi
1196 1197 1248 1254 686

253 1271 343 1333 Tollit
360 1273 464 1334 anhela
484 1273 548 1334 dies
556 1303 570 1351 ,·
587 1272 636 1333 uhi
655 1273 754 1334 tardus
774 1272 918 1337 hiantibus
940 1273 1016 1334 arvis

253 1358 318 1417 Stat
339 1375 448 1437 vapor,
471 1367 559 1437 atque
577 1375 678 1420 omnes
700 1357 849 1419 admittunt
869 1357 988 1419 aethera
1010 1357 1076 1419 luci.

252 1440 399 1502 Undarum
417 1451 504 1503 vocat
525 1441 575 1503 tlte
593 1442 683 1520 deas,
701 1442 873 1522 mediusque
895 1442 1040 1521 silentum,

252 1526 371 1605 Incipit:
395 1525 557 1606 ‘Agrestes
578 1526 729 1587 duriorum
747 1528 860 1588 numina
878 1525 1040 1607 Nymphae,

253 1610 292 1670 Et
316 1613 406 1672 nostri
428 1629 497 1691 pars
515 1629 618 1690 magna
637 1613 756 1691 gregis,
779 1611 910 1691 perferte
932 1611 1074 1690 lahorem,
1198 1620 1249 1676 685

254 1694 348 1769 Quem
369 1695 479 1757 damus.
522 1695 682 1775 Argolicos
703 1696 820 1776 paulum
838 1696 907 1757 mihi
926 1696 1052 1759 fontibus
1075 1714 1173 1759 amnes

255 1782 422 1859 stagnaque
444 1789 474 1841 et
495 1790 626 1842 errantes
647 1781 784 1843 obducite
804 1781 926 1861 pulvere
945 1783 1035 1842 rivos.

253 1864 430 1944 Praecipuus
451 1864 594 1943 Nemees,
616 1885 671 1946 qua
689 1875 788 1928 nostra
807 1868 836 1927 in
849 1868 970 1936 ¹moenia
991 1866 1078 1927 hellis

253 1949 337 2009 Nune
357 1951 428 2027 iter,
450 1969 489 2011 ex
509 1951 568 2012 alto
586 1951 679 2030 fugiat
701 1952 811 2031 liquor;
834 1952 950 2014 adiuvat
970 1952 1035 2032 ipse

254 2032 390 2094 Phoebus
414 2035 451 2096 ad
472 2035 529 2095 hoo
547 2053 675 2113 summo,
694 2035 795 2097 cesset
812 2038 841 2096 ui
859 2046 958 2097 vestra
978 2035 1121 2111 voluntas,
1197 2042 1249 2097 696

253 2117 369 2188 Limite;
393 2120 450 2179 vim
473 2121 588 2199 coeptis
605 2120 755 2199 indulgent
776 2129 870 2197 astra,
890 2138 1033 2199 meaeque

254 2203 385 2264 Aestifer
404 2202 549 2282 Erigones
569 2213 682 2284 spumat
703 2205 793 2266 canis.
835 2204 879 2266 {te
896 2205 1043 2281 uolentes,

254 2287 299 2347 lte
321 2289 349 2347 in
371 2298 475 2368 operta
495 2288 568 2359 suli;
593 2298 661 2368 post
680 2306 814 2368 vosego
837 2290 953 2369 gurgite
976 2288 1064 2369 pleno

254 2371 394 2449 Eliciam,
415 2382 445 2433 et
467 2391 542 2453 quae
562 2373 638 2436 dona
658 2374 731 2434 meis
753 2374 929 2454 amplissima
951 2373 1043 2435 sacris

255 2455 363 2518 Vester
384 2457 503 2519 habehit
522 2459 633 2537 honos,
655 2468 853 2539 nocturnaque
875 2459 950 2521 furta
972 2459 1109 2521 licentum
1198 2465 1249 2522 695

257 2539 451 2622 Cornipedum
474 2553 504 2604 et
525 2544 645 2624 cupidas
665 2540 827 2606 Faunorum
848 2543 957 2607 arcebo
978 2543 1116 2623 rapinas'

317 2626 453 2689 Dixerat:
476 2637 521 2690 ast
541 2629 598 2690 iilis
622 2631 735 2691 tenuior
757 2648 933 2711 percurrere
954 2629 1033 2691 visus

235 2708 315 2787 ,Ora
335 2713 424 2789 sitos,
446 2712 604 2793 viridisque
625 2714 717 2775 comis
738 2713 888 2776 exhorruit
908 2714 1020 2776 humor.

254 2794 387 2855 Protinus
405 2795 540 2857 Inachios
557 2799 650 2859 haurit
668 2799 731 2859 sitis
749 2800 835 2876 ignea
855 2816 983 2878 campos.

254 2878 406 2958 Diffugere
431 2879 540 2956 undae,
562 2881 697 2960 squalent
718 2883 874 2962 fontesque
897 2882 1049 2961 lacusque,
1199 2885 1250 2942 766

254 2961 293 3023 Et
315 2981 385 3024 cava
405 2963 530 3025 ferventi
552 2965 708 3025 durescunt
726 2966 840 3028 flumina
861 2966 939 3027 limo.

254 3047 355 3125 Aegra
376 3049 440 3109 solo
463 3049 589 3126 macies,
612 3051 763 3130 tenerique
786 3050 815 3111 in
836 3051 950 3129 origine
972 3049 1059 3111 culmi
1176 3098 1181 3111 .

255 3131 395 3194 inclinata
418 3151 524 3213 seges,
543 3133 698 3214 deceptum
719 3137 849 3215 margine
869 3137 952 3216 ripae

257 3219 320 3278 Stat
344 3236 450 3297 pecus,
474 3227 560 3298 atque
581 3237 679 3279 amnes
703 3230 844 3300 quaeruut
864 3228 993 3282 armenta
1013 3227 1136 3280 natatus.

318 3302 368 3363 Sic
390 3303 439 3364 uhi
460 3323 495 3365 se
516 3305 628 3382 magnis
645 3303 753 3365 relluus
775 3306 940 3386 suppressit
960 3305 989 3365 in
1010 3304 1098 3367 antris
1196 3312 1248 3369 766

255 3385 339 3446 Nilus
357 3397 386 3448 et
408 3386 489 3450 ane
511 3389 649 3468 liquentia
669 3389 774 3469 pabula
797 3389 915 3452 brumae

256 3469 315 3531 Ore
340 3473 462 3551 premit,
482 3472 590 3535 fumant
609 3473 743 3537 desertae
765 3476 881 3554 gurgite
899 3475 1005 3553 ualles,
1050 3548 1056 3557 .

254 3554 293 3616 Et
314 3558 404 3636 patris
425 3556 529 3619 undosi
548 3560 659 3620 sonitus
681 3569 819 3640 expectat
840 3560 936 3621 hiulca

255 3638 426 3721 Aegyptos,
450 3642 544 3705 donee
565 3643 675 3706 Phariis
693 3645 827 3706 alimenta
848 3655 967 3725 rogatus

255 3725 352 3787 Donet
374 3728 452 3807 agris
471 3746 661 3809 magnumque
683 3731 801 3797 inducat
819 3730 971 3795 messihus
990 3744 1111 3789 annum·
1203 3731 1268 3779 m
