3134 4434
299 437 341 498 44
638 445 670 497 Ρ.
692 444 826 496 PAPINII
849 444 964 495 sunum

299 605 424 666 Vertere
443 601 530 664 humo
553 601 700 685 murisque
722 603 823 666 valent
842 603 950 664 inlerre
969 601 1094 680 iuvenci,
1254 613 1308 671 560

300 689 431 769 Rupibus
453 687 566 756 avellit:
588 688 655 749 dein
676 698 739 750 toto
761 691 902 766 sanguiue
923 688 1006 747 nixus

301 775 444 850 Sustinet,
466 774 608 834 inmanem
629 791 774 852 quaerens
798 774 906 834 librare
928 773 1048 851 ruinam,

302 859 404 934 Qualis
423 860 452 919 iu
472 859 615 920 adversos
635 858 771 938 Lapithas
794 860 889 919 erexit
907 858 1021 918 inanem

300 943 497 1022 magnanimus
516 951 630 1004 cratera
652 943 772 1004 Pholus.
817 943 921 1022 Stupet
943 940 1030 1002 obvia
1051 942 1111 1002 leto

301 1028 398 1090 Turba
419 1045 510 1108 super
527 1035 649 1088 stantem
666 1036 754 1108 atque
775 1029 874 1089 emissi
894 1026 1007 1087 turbine
1025 1029 1129 1088 montis
1248 1039 1301 1095 555

302 1113 454 1183 Obruitur;
475 1111 633 1174 simulcra
652 1114 760 1190 virum,
782 1111 867 1173 simul
888 1129 966 1173 arma
985 1129 1142 1192 manusque

302 1198 465 1277 Fractaque
487 1197 642 1257 commixto
662 1197 803 1259 sederunt
822 1206 944 1275 pectora
965 1196 1057 1258 lerro.

304 1282 447 1357 Quattuor
466 1281 515 1342 hic
536 1281 612 1342 adeo
633 1281 741 1343 deiecti
761 1282 840 1343 mole
861 1281 915 1342 sub
935 1298 989 1342 una

304 1365 524 1445 congemuere,
548 1367 618 1445 iuga
638 1365 838 1429 tremefactum
859 1366 991 1445 protinus
1009 1383 1113 1444 agmen

213 1458 234 1493 -'
301 1450 455 1513 Excutitur
476 1453 600 1530 coeptis.
643 1450 748 1532 Neque
770 1453 844 1513 enim
867 1451 1020 1513 temnenda
1040 1450 1176 1512 iacebant
1247 1459 1303 1517 570

301 1535 431 1598 Funera:
454 1533 608 1597 fulmineus
628 1535 773 1615 Dorylas,
793 1556 880 1617 quem
901 1535 1021 1614 regibus
1043 1536 1149 1596 ardens

302 1620 456 1700 Aequahat
476 1621 585 1698 virtus,
606 1619 802 1702 hlartisquee
824 1621 934 1682 semiue
955 1620 1074 1682 Theron

303 1705 481 1783 Terrigenas
503 1705 630 1766 conlisus
651 1723 741 1784 avos,
762 1725 819 1767 nec
839 1714 958 1767 vertere
980 1706 1113 1784 cuiquam

302 1789 397 1851 Frena
417 1789 562 1850 secundus
582 1788 690 1868 Halys,
710 1791 765 1852 sed
785 1800 853 1851 tuno
875 1791 969 1870 pedes
991 1789 1118 1850 occubat
1139 1790 1228 1868 arvis,

302 1874 520 1954 Pentheumque
547 1872 665 1936 trahens
681 1875 807 1937 nondum
827 1884 858 1936 te
877 1874 1048 1936 Phaedimus
1070 1892 1176 1954 aequo,
1251 1882 1307 1940 575

301 1958 435 2037 Bacche,
459 1975 561 2037 genus.
604 1959 734 2034 Quorum
752 1969 784 2021 ut
803 1960 906 2021 subitis
929 1960 1069 2021 exterrita
1088 1959 1155 2021 latis

303 2045 441 2123 Agmina,
463 2043 605 2106 turbatam
624 2045 696 2106 vidit
714 2045 816 2106 laxare
838 2054 996 2121 catervam,

303 2129 386 2203 Quae
410 2127 467 2189 duo
489 2129 554 2192 sola
573 2147 658 2190 rnanu
679 2139 801 2209 gestans
822 2130 944 2193 acclinia
964 2129 1053 2189 monti

302 2213 437 2292 Fixerat,
458 2214 606 2294 intorquet
626 2215 720 2277 iacula
739 2224 769 2277 et
791 2214 968 2295 fugientibus
986 2213 1074 2275 addit.

302 2299 373 2360 hlox
394 2300 423 2359 in
444 2298 530 2378 plana
552 2299 662 2378 lihens,
683 2302 759 2363 nudo
776 2320 814 2361 ne
836 2309 960 2380 pectore
981 2299 1041 2359 tela
1248 2311 1303 2365 580

302 2383 486 2461 laudarent,
511 2385 585 2445 saltu
607 2402 753 2465 praeceps
776 2385 923 2461 delentur,
944 2393 975 2445 et
994 2381 1106 2459 orbem,

304 2467 398 2542 Quem
415 2468 519 2547 procul
541 2485 687 2548 oppresso
708 2469 780 2530 vidit
801 2469 937 2530 Therone
959 2467 1099 2544 volutum,

303 2549 468 2631 Corripuit,
487 2561 633 2632 tergoque
651 2562 682 2614 et
699 2553 812 2614 vertice
832 2555 960 2631 tegmine
979 2561 1050 2612 noto

304 2637 412 2716 Septus
437 2645 467 2697 et
485 2637 585 2697 hostili
605 2654 794 2716 propugnans
815 2646 938 2718 pectora
958 2652 1058 2716 parma

304 2719 450 2782 Constitit.
494 2720 565 2782 lude
590 2721 693 2784 iterum
714 2722 796 2783 densi
816 2723 1015 2801 glomerantur
1032 2722 1061 2780 in
1082 2738 1166 2782 uuum
1250 2731 1304 2787 585

304 2806 457 2886 Ogygidae
479 2806 650 2887 firmantque
668 2808 803 2885 gradum
822 2807 910 2868 trahit
927 2809 1010 2868 ocius
1032 2824 1134 2866 ensem

302 2891 462 2953 Bistonium
483 2890 617 2971 Tydeus,
640 2891 782 2954 hlavortia
804 2910 922 2954 munera
941 2892 1036 2971 magni

304 2975 441 3055 Oeneos,
464 2986 495 3038 et
514 2986 614 3055 partes
636 2979 746 3058 pariter
762 2977 872 3038 divisus
893 2978 922 3039 in
944 2993 1045 3039 omues

302 3059 364 3122 Hos
387 3061 466 3137 obit,
489 3070 576 3141 atque
599 3061 668 3124 illos
684 3061 825 3143 ferroque
845 3063 980 3125 micantia
997 3060 1057 3123 tela

302 3144 435 3216 Decutit;
457 3146 619 3225 inpeditant
639 3163 775 3224 numero,
799 3166 892 3229 seque
913 3149 977 3227 ipsa
998 3145 1126 3206 vicissim
1249 3152 1302 3208 590

303 3230 392 3290 Arma
414 3238 563 3310 premunt,
585 3249 642 3292 nec
662 3233 708 3294 vis
730 3232 882 3294 conatibus
903 3232 980 3309 ulla,
1003 3230 1055 3291 sed
1076 3230 1159 3308 ipsae

304 3313 337 3375 ln
357 3317 457 3376 socios
477 3333 578 3376 errare
599 3334 714 3395 manus,
739 3327 769 3378 et
789 3334 917 3396 corpora
937 3315 1022 3377 turba

304 3399 417 3461 Involvi
436 3400 576 3479 prolapsa
596 3418 664 3462 sua:
685 3411 782 3462 manet
803 3401 855 3462 ille
872 3410 992 3462 ruentes

305 3485 453 3564 Angustus
472 3484 540 3546 tella
562 3493 592 3546 et
613 3486 848 3565 inexpugnabilis
871 3485 978 3546 obstat.

368 3567 435 3630 Nou
454 3570 556 3647 aliter,
580 3568 699 3632 Geticae
722 3573 747 3631 si
768 3572 813 3631 las
836 3579 882 3630 est
901 3569 1027 3630 credere
1048 3571 1204 3650 Phlegrae,
1249 3579 1302 3636 595

304 3655 453 3714 Armatunn
473 3656 618 3719 inmensus
639 3654 775 3716 Briareus
796 3657 875 3715 stetit
893 3654 1012 3715 aethera
1036 3666 1148 3731 contra,

304 3738 378 3801 lline
396 3739 508 3802 Phoehl
528 3738 698 3822 pharetras,
720 3740 788 3802 hine
806 3748 908 3802 torvae
927 3739 1054 3804 Palladis
1074 3759 1195 3819 angues,
