3134 4434
592 475 793 527 massanos
813 477 883 526 nm.
905 476 968 526 ΧΗ.
1219 461 1277 525 271
1332 431 1337 443 ²

283 633 382 696 Caede
400 633 501 694 videre
522 650 637 702 manus;
659 632 993 694 veteresreminiscitur
1013 640 1094 692 actus

281 720 352 799 lpse
373 729 458 780 tuens
479 721 648 797 sociumque
669 737 791 796 gregem
813 717 1023 796 metuendaque
1046 717 1188 795 quondam
1230 723 1281 781 ott>

281 804 405 879 Limina,
429 812 458 864 et
479 803 631 883 absumpto
652 803 811 882 pallentem
833 802 974 863 Gnossida
995 802 1056 861 iilo.

292 923 294 926 ·
347 891 460 949 Saevus
481 897 511 948 at
531 889 642 949 interea
664 889 743 948 lerro
765 896 834 967 post
855 896 938 963 terga
959 887 1106 948 revinctas

281 974 450 1050 Antigonen
468 973 640 1051 viduamque
662 971 759 1033 Creon
776 970 933 1033 Adrastida
954 970 1014 1030 leto

282 1058 443 1124 Admovet:
465 1056 566 1117 ambae
590 1058 698 1118 hilares
721 1067 750 1118 et
770 1058 871 1116 mortis
895 1073 993 1116 amore
1014 1054 1162 1134 superbae

282 1142 410 1203 Ensibus
431 1143 600 1221 intemptent
621 1142 738 1220 iugulos
758 1158 919 1220 regemque
940 1150 1088 1201 cruentum
1229 1148 1282 1204 680

283 1227 465 1301 Destituant,
489 1245 575 1306 quum
595 1228 672 1288 dicta
693 1227 792 1286 ierens
814 1226 939 1286 Theseia
960 1225 1095 1303 Phegeus

282 1311 420 1388 Adstitit,
442 1311 493 1370 illc
516 1312 631 1391 quidem
652 1313 739 1371 ramis
758 1313 879 1371 insontis
901 1310 998 1370 olivae

283 1396 443 1471 Pacihcus,
463 1396 516 1456 sed
537 1397 616 1457 bella
639 1397 698 1456 ciet
714 1396 882 1475 bellumque
902 1397 1032 1470 minatur,

285 1481 400 1541 Grande
420 1481 547 1540 lremens
569 1482 743 1559 nimiumque
763 1497 875 1541 memor
897 1480 1053 1540 mandantis
1076 1487 1106 1538 et
1126 1477 1219 1556 ipsum

283 1564 344 1625 Iam
363 1583 475 1645 prope,
496 1568 552 1625 iam
572 1567 685 1627 medios
706 1567 825 1644 operire
848 1564 1018 1625 cohortibus
1039 1579 1127 1641 agros
1230 1570 1282 1625 685

284 1649 481 1727 Ingeminans;
505 1652 586 1711 stetit
607 1650 741 1728 ambiguo
764 1650 917 1710 Thebanus
939 1650 968 1708 in
988 1659 1071 1708 aestu

287 1733 442 1811 Cnrarnm,
465 1745 621 1815 nutantque
644 1737 738 1795 minae
759 1745 788 1795 et
807 1737 888 1814 prior
910 1735 952 1794 ira
974 1733 1110 1812 tepescit.

350 1818 431 1878 Tunc
453 1820 545 1880 firmat
568 1838 654 1897 sese,
679 1820 835 1899 fictumque
857 1838 891 1880 ac
913 1821 995 1879 triste
1015 1817 1165 1878 renidens:

286 1904 434 1964 ‘Parvane
456 1906 626 1982 prostratis,
649 1907 756 1983 inquit,
779 1906 951 1965 documenta
973 1903 1103 1979 Mycenis

286 1987 461 2048 Sanximus‘l
483 2007 520 2048 en
538 1991 657 2066 iterum,
679 1991 726 2068 qni
749 1991 863 2049 moenia
885 1998 984 2049 nostra
1006 1988 1163 2048 lacessant.
1231 1994 1283 2050 690

285 2072 470 2151 Accipimus,
491 2075 623 2141 veniant;
646 2074 699 2133 sed
718 2092 754 2134 ne
776 2072 944 2152 postbella
966 2081 1137 2152 querantur:
1183 2106 1185 2110 »

284 2156 348 2219 Lex
368 2157 469 2217 eadem
489 2158 598 2217 victis)
641 2157 736 2234 Dixit,
761 2159 815 2218 sed
835 2157 956 2236 pulvere
979 2174 1080 2216 crasso

286 2240 423 2318 Caligare
445 2242 519 2302 diem
543 2252 572 2302 et
593 2241 697 2318 Tyrios
718 2245 785 2320 iuga
808 2242 934 2321 perdere
956 2250 1070 2301 montes

286 2326 436 2405 Adspicit;
458 2328 561 2386 armari
584 2326 709 2406 populos
729 2337 825 2388 tamen
845 2345 982 2406 armaque
1002 2326 1072 2385 lerri

285 2410 356 2489 lpse
378 2409 458 2470 iubet
481 2411 610 2490 pallens,
636 2413 809 2490 mediaeque
831 2414 860 2471 in
881 2411 999 2472 sedibus
1020 2411 1104 2472 aulae
1231 2421 1284 2476 695
1330 2457 1332 2460 -

285 2494 460 2556 Eumenidas
483 2495 593 2557 subitas
614 2497 790 2576 lleutemque
812 2496 974 2556 lllcnoecea
995 2499 1088 2556 cernit

287 2578 430 2640 Turbidus
451 2582 653 2660 inpositosque
673 2583 755 2660 rogis
777 2583 906 2659 gaudere
924 2580 1076 2657 Pelasgos.

352 2664 424 2738 Quis
445 2666 499 2726 luit
519 2666 570 2726 ille
592 2663 676 2727 dies?
698 2677 777 2728 tanto
803 2685 866 2727 cum
888 2667 1026 2743 sanguine
1049 2666 1157 2728 Thebis

287 2747 348 2808 Pax
368 2750 483 2810 inventa
504 2749 601 2829 perit?
643 2751 745 2812 Patriis
767 2752 853 2812 modo
874 2752 930 2812 lixa
951 2751 1098 2811 revellunt

288 2833 376 2892 Arma
398 2833 478 2909 deis,
502 2834 664 2914 clipeisque
686 2836 833 2896 obducunt
854 2845 975 2915 pectora
996 2835 1108 2912 iractis,
1233 2845 1285 2900 too

287 2917 325 2979 Et
345 2917 448 2995 galeas
470 2918 591 2978 humiles
611 2928 641 2979 et
661 2921 755 2980 adhuc
775 2919 922 2981 sordentia
942 2918 1011 2991 tabo

288 3003 422 3081 Spicula;
445 3021 501 3062 non
523 3004 668 3082 pharetris
689 3006 856 3085 quisquam,
878 3021 1026 3065 nonense
1048 3007 1185 3081 decorus,

287 3086 353 3148 Non
374 3089 550 3167 spectandus
572 3107 665 3169 equo:
689 3092 778 3150 cessit
798 3090 902 3150 liducia
923 3089 1003 3165 valli,

287 3171 433 3232 lllurorum
455 3182 535 3252 patet
556 3191 641 3233 omne
663 3173 754 3249 latus,
777 3176 927 3234 munimina
949 3185 1053 3253 portae

287 3255 473 3335 Exposcunt;
496 3259 577 3337 prior
595 3258 689 3318 hostis
707 3258 811 3336 habet,
834 3260 948 3337 fastigia
966 3258 1080 3335 desunt,
1234 3269 1284 3324 ton

287 3340 404 3401 Deiecit
423 3340 590 3422 Capaneus:
615 3345 754 3421 exanguis
775 3353 805 3404 et
826 3362 915 3422 aegra
936 3346 1078 3420 iuventus,

286 3424 347 3485 lam
369 3444 423 3486 nec
446 3428 616 3505 coniugibus
639 3447 773 3508 suprema
792 3448 849 3490 nec
870 3429 971 3489 oscula
991 3431 1065 3489 natis

287 3509 400 3587 longit,
426 3521 454 3571 et
476 3515 587 3574 attoniti
608 3514 649 3573 nil
670 3524 811 3593 optavere
833 3522 980 3594 parentes.

349 3595 463 3656 Atticus
485 3607 513 3658 at
535 3607 651 3676 contra,
677 3597 759 3660 iubar
779 3608 811 3659 nt
833 3599 1000 3659 clarescere
1022 3601 1114 3679 ruptis

286 3677 471 3741 Nubibus'et
488 3683 583 3744 solem
606 3685 704 3762 primis
726 3684 860 3764 adspexit
879 3685 908 3745 in
929 3685 1027 3758 armis,
1233 3689 1294 3739 'th

286 3762 392 3825 Desilit
413 3765 442 3824 in
463 3764 607 3849 campum,
631 3771 680 3850 qni
702 3768 807 3832 subter
826 3769 951 3831 moerim
966 3767 1071 3826 nudos
