3134 4434
318 416 360 494 64
635 443 688 498 r.
710 442 844 493 narrum
866 443 982 495 annun

321 599 446 677 Sanguis
467 615 567 676 avum,
585 598 776 678 scopulisque
794 610 877 663 satae
898 600 948 662 vel
969 600 1079 671 robore
1100 611 1217 678 gentes·
1270 613 1324 669 ooo

288 699 293 710 ’
318 682 466 746 Mentibus
485 682 544 743 hoe
566 700 671 755 ausae;
693 685 784 745 silvas
806 703 888 747 amor
909 703 982 747 unns
1001 685 1175 767 humumque
1217 730 1220 735 -

319 769 494 830 Edomuisse
512 784 611 838 manu;
634 767 702 848 qnid
724 770 849 831 crastina
869 769 1006 832 volveret
1026 780 1109 832 aetas

319 855 405 917 Scire
426 852 510 914 nefas
530 851 652 923 homini;
671 870 726 914 nos
747 872 870 934 pravum
889 873 926 916 ac
945 855 1043 916 debile
1064 854 1168 934 vulgus

320 938 447 1000 scrutati
465 938 582 1017 penitus
600 955 742 1018 superos:
764 939 832 1001 hino
851 939 947 1019 pallor
966 950 996 1001 et
1016 941 1088 1015 irae,

319 1021 393 1084 Hinc
414 1021 513 1083 scelus
534 1022 715 1102 insidiaeque
736 1033 765 1084 et
784 1023 863 1086 nulla
883 1023 1025 1084 modestia
1046 1024 1116 1085 voti.

383 1106 464 1185 Ergo
486 1124 570 1168 manu
591 1108 678 1168 vittas
700 1107 889 1189 damnataque
911 1111 1023 1170 vertice
1042 1119 1121 1170 serta

318 1192 450 1271 Deripit,
468 1190 641 1271 abiectaque
662 1191 821 1255 inhonorus
842 1194 946 1255 fronde
969 1194 1110 1256 sacerdos

318 1277 417 1339 luniso
437 1275 473 1337 de
495 1285 593 1338 monte
614 1277 705 1348 redit;
723 1279 780 1339 iam
797 1277 879 1341 bella
899 1278 1044 1358 tubaeque

320 1361 474 1439 Cominus,
496 1359 692 1441 absentesque
713 1362 838 1425 fremunt
860 1362 914 1424 sub
935 1373 1059 1443 pectore
1080 1361 1210 1424 Thebae.

316 1446 373 1508 llle
392 1464 449 1507 nec
469 1445 638 1525 adspectum
657 1446 755 1526 vulgi,
774 1466 831 1509 nec
851 1448 907 1509 llda
927 1449 1040 1524 tyranni

320 1530 475 1610 Colloqnia
497 1539 545 1591 nut
566 1540 670 1592 coetus
691 1549 847 1612 procerum
866 1532 1019 1612 perferre,
1038 1531 1091 1593 sed
1113 1541 1174 1593 atra

318 1614 398 1678 Sede
417 1616 493 1693 tegi,
517 1623 546 1675 et
566 1633 704 1695 superum
726 1617 843 1679 clausus
861 1626 950 1695 negat
968 1626 1033 1677 acta
1053 1617 1148 1677 lateri.

319 1700 361 1762 'le
382 1699 477 1778 pudor
495 1708 525 1759 et
545 1716 633 1760 curae
650 1701 776 1762 retinent
799 1720 854 1782 per
875 1720 958 1778 rura,
981 1699 1136 1778 Melampu.

381 1784 503 1845 Bisseno
526 1785 630 1864 premit
652 1802 704 1846 ora
726 1784 773 1846 die
793 1785 991 1866 populumque
1011 1785 1159 1863 ducesque

317 1868 451 1930 Extrahit
471 1870 600 1930 incertis.
639 1868 751 1932 Etiam
770 1888 906 1951 suprema
931 1869 1069 1931 l'onantis
1095 1888 1102 1899 ·

316 1955 400 2017 Iussa
420 1953 561 2032 fremunt,
582 1971 728 2034 agrosque
748 1956 818 2017 viris
840 1973 1007 2035 annosaque
1025 1964 1138 2016 vastant

319 2038 448 2120 Oppida;
471 2037 649 2118 bellipotens
669 2058 740 2120 prae
762 2059 795 2102 se
816 2039 889 2102 deus
911 2042 1025 2119 agmina
1047 2043 1153 2118 passim

316 2124 398 2187 mille
420 2125 510 2203 rapit;
532 2123 646 2203 liquere
668 2124 772 2186 domos
792 2124 958 2205 dilectuque
978 2125 1048 2187 laeti

319 2207 450 2270 conubia
471 2217 500 2268 et
521 2209 614 2287 primo
633 2209 783 2289 plorantes
801 2209 899 2272 limine
917 2219 1016 2272 natos:

317 2294 425 2355 Tantus
446 2294 474 2353 in
490 2295 632 2355 'auonitos
655 2295 760 2357 cecidit
783 2295 866 2357 deus.
912 2295 1001 2356 mma
1022 2293 1149 2373 paternis

315 2377 452 2439 Postibus
470 2386 500 2438 et
519 2377 594 2439 linos
615 2396 754 2458 superum
775 2378 811 2441 ad
833 2379 994 2459 penetralia
1015 2395 1117 2439 currus

315 2462 438 2524 Vellere
457 2479 553 2532 amun
574 2471 642 2523 tunc
661 2463 741 2525 fessa
763 2465 840 2543 putri
860 2463 993 2541 rubigine
1014 2462 1076 2535 tela

315 2546 536 2625 llorrentesque
555 2546 612 2608 situ
632 2547 749 2625 gladios
770 2549 799 2608 in
821 2566 910 2609 saeva
931 2555 1086 2608 recurvant

314 2631 445 2691 Vulnera
466 2638 497 2690 et
517 2630 614 2691 attrito
636 2641 745 2709 cogunt
767 2633 960 2695 iuvenescere
981 2649 1065 2693 saxo

315 2714 352 2775 Hi
372 2723 483 2777 teretes
503 2715 605 2794 galeas
626 2733 855 2797 magnorumque
875 2734 964 2779 aerea
985 2726 1048 2777 suta

315 2800 480 2862 Thoracum
502 2809 531 2861 et
548 2801 661 2862 tunicas
681 2801 834 2878 chalybum
853 2802 991 2882 squalore
1014 2812 1168 2883 crepantes

313 2884 487 2947 Pectoribus
506 2894 667 2965 temptare,
690 2887 740 2948 alii
762 2885 901 2964 Gortynia
921 2887 1031 2949 lentant

316 2970 447 3041 Cornna;
466 2971 522 3032 iam
541 2970 636 3033 falces
657 2972 748 3034 avidis
767 2981 798 3033 et
819 2982 914 3034 aratra
932 2973 1050 3034 caminis

314 3054 478 3134 Rastraque
501 3064 531 3117 et
549 3056 662 3117 incurvi
679 3075 798 3118 saevum
819 3056 945 3119 rubuere
968 3058 1092 3136 ligones.

316 3139 450 3201 Caedere
471 3159 527 3201 neo
549 3141 661 3203 validas
679 3142 789 3203 sanctis
810 3159 829 3203 e
846 3142 984 3222 stirpibus
1006 3141 1116 3218 hastas,
1260 3153 1315 3208 590

313 3222 378 3285 Nec
400 3225 494 3303 pudor
516 3226 638 3287 emerito
660 3226 788 3306 clipeum
802 3227 934 3298 ,vestisse
954 3228 1088 3288 iuvenco.

377 3308 517 3390 Inrupere
534 3310 652 3388 Argos,
673 3312 836 3391 moestique
858 3311 894 3374 ad
916 3312 1013 3373 limina
1033 3311 1113 3388 regis

311 3393 397 3456 Bella
415 3394 531 3472 animis,
551 3393 632 3468 bellu
653 3412 705 3457 ore
726 3396 868 3470 fremunt;
889 3397 911 3457 it
930 3396 1042 3459 clamor
1061 3395 1098 3456 ad
1118 3412 1215 3473 auras,

313 3478 444 3553 Quantus
467 3479 609 3556 Tyrrheni
630 3481 753 3559 gemitus
774 3482 862 3559 salis,
885 3491 933 3542 aut
954 3479 1003 3541 nbi
1025 3488 1145 3561 temptat
1182 3516 1185 3520 -

311 3562 478 3625 Enceladus
497 3574 608 3627 mutare
630 3566 719 3636 latus;
742 3564 847 3646 procul
868 3565 970 3642 igneus
992 3566 1080 3627 antris
1258 3575 1312 3631 595

311 3647 395 3710 llons
417 3658 513 3727 tonat,
538 3650 683 3712 exundant
700 3651 802 3731 apices
823 3649 986 3730 ductusque
1007 3647 1129 3711 Pelorus

312 3731 477 3814 Contudit,
502 3744 531 3797 et
552 3745 652 3817 sperat
669 3735 757 3797 tellus
779 3734 901 3816 abrupta
921 3735 1040 3797 reverti.
