<?xml version="1.0" encoding="UTF-8"?>
<!DOCTYPE html PUBLIC "-//W3C//DTD XHTML 1.0 Transitional//EN"
    "http://www.w3.org/TR/xhtml1/DTD/xhtml1-transitional.dtd">
<html xmlns="http://www.w3.org/1999/xhtml" xml:lang="en" lang="en">
 <head>
  <title>
</title>
<meta http-equiv="Content-Type" content="text/html;charset=utf-8" />
  <meta name='ocr-system' content='tesseract 3.04.00' />
  <meta name='ocr-capabilities' content='ocr_page ocr_carea ocr_par ocr_line ocrx_word'/>
</head>
<body>
  <div class='ocr_page' id='page_1' title='image "./publiuspapinius00quecgoog/publiuspapinius00quecgoog_0118.png"; bbox 0 0 3134 4434; ppageno 0'>
   <div class='ocr_carea' id='block_1_1' title="bbox 334 449 1156 513">
    <p class='ocr_par' dir='ltr' id='par_1_1' title="bbox 334 449 1156 513">
     <span class='ocr_line' id='line_1_1' title="bbox 334 449 1156 513; baseline 0.001 -1"><span class='ocrx_word' id='word_1_1' title='bbox 334 449 375 512; x_wconf 82' lang='grc'><strong>84</strong></span> <span class='ocrx_word' id='word_1_2' title='bbox 667 463 992 513; x_wconf 73' lang='lat' dir='ltr'><strong>1³.Parm11snam1</strong></span> <span class='ocrx_word' id='word_1_3' title='bbox 1049 464 1060 485; x_wconf 60' lang='lat'>⁸</span> <span class='ocrx_word' id='word_1_4' title='bbox 1149 478 1156 489; x_wconf 91' lang='lat'><strong>·</strong></span> 
     </span>
    </p>
   </div>
   <div class='ocr_carea' id='block_1_2' title="bbox 377 617 914 778">
    <p class='ocr_par' dir='ltr' id='par_1_2' title="bbox 377 617 914 778">
     <span class='ocr_line' id='line_1_2' title="bbox 377 617 914 701; baseline 0 -21"><span class='ocrx_word' id='word_1_5' title='bbox 377 617 505 693; x_wconf 75' lang='lat' dir='ltr'><strong>Questus</strong></span> <span class='ocrx_word' id='word_1_6' title='bbox 526 619 767 701; x_wconf 86' lang='lat' dir='ltr'><strong>inexpertumque</strong></span> <span class='ocrx_word' id='word_1_7' title='bbox 787 637 914 699; x_wconf 85' lang='lat' dir='ltr'><strong>carmen,</strong></span> 
     </span>
     <span class='ocr_line' id='line_1_3' title="bbox 419 702 891 778; baseline 0 -15"><span class='ocrx_word' id='word_1_8' title='bbox 419 702 504 778; x_wconf 87' lang='lat' dir='ltr'><strong>Quod</strong></span> <span class='ocrx_word' id='word_1_9' title='bbox 524 706 611 766; x_wconf 80' lang='lat' dir='ltr'><strong>tacita</strong></span> <span class='ocrx_word' id='word_1_10' title='bbox 632 714 761 766; x_wconf 88' lang='lat' dir='ltr'><strong>statuere</strong></span> <span class='ocrx_word' id='word_1_11' title='bbox 781 703 891 766; x_wconf 89' lang='lat' dir='ltr'><strong>bruma.</strong></span> 
     </span>
    </p>
   </div>
   <div class='ocr_carea' id='block_1_3' title="bbox 332 829 936 1159">
    <p class='ocr_par' dir='ltr' id='par_1_3' title="bbox 332 829 936 1159">
     <span class='ocr_line' id='line_1_4' title="bbox 332 829 936 910; baseline 0.002 -21"><span class='ocrx_word' id='word_1_12' title='bbox 332 829 398 889; x_wconf 89' lang='lat' dir='ltr'><strong>Non</strong></span> <span class='ocrx_word' id='word_1_13' title='bbox 420 832 631 910; x_wconf 81' lang='lat' dir='ltr'><strong>parentebus,</strong></span> <span class='ocrx_word' id='word_1_14' title='bbox 652 829 777 910; x_wconf 88' lang='lat' dir='ltr'><strong>pervigil</strong></span> <span class='ocrx_word' id='word_1_15' title='bbox 800 838 829 889; x_wconf 92' lang='lat' dir='ltr'><strong>et</strong></span> <span class='ocrx_word' id='word_1_16' title='bbox 851 829 936 890; x_wconf 85' lang='lat' dir='ltr'><strong>locus</strong></span> 
     </span>
     <span class='ocr_line' id='line_1_5' title="bbox 333 913 914 994; baseline 0 -20"><span class='ocrx_word' id='word_1_17' title='bbox 333 913 511 994; x_wconf 76' lang='lat' dir='ltr'>culmenque</span> <span class='ocrx_word' id='word_1_18' title='bbox 533 916 622 976; x_wconf 93' lang='lat' dir='ltr'><strong>multo</strong></span> <span class='ocrx_word' id='word_1_19' title='bbox 639 915 745 976; x_wconf 93' lang='lat' dir='ltr'><strong>lumine</strong></span> <span class='ocrx_word' id='word_1_20' title='bbox 767 914 914 976; x_wconf 89' lang='lat' dir='ltr'><strong>sordidum</strong></span> 
     </span>
     <span class='ocr_line' id='line_1_6' title="bbox 374 1000 852 1079; baseline -0.004 -19"><span class='ocrx_word' id='word_1_21' title='bbox 374 1000 509 1061; x_wconf 85' lang='lat' dir='ltr'><strong>Solantur</strong></span> <span class='ocrx_word' id='word_1_22' title='bbox 532 1009 742 1079; x_wconf 81' lang='lat' dir='ltr'><strong>exemptusque</strong></span> <span class='ocrx_word' id='word_1_23' title='bbox 764 1008 852 1076; x_wconf 87' lang='lat' dir='ltr'><strong>testa,</strong></span> 
     </span>
     <span class='ocr_line' id='line_1_7' title="bbox 416 1082 901 1159; baseline -0.002 -15"><span class='ocrx_word' id='word_1_24' title='bbox 416 1083 479 1159; x_wconf 86' lang='lat' dir='ltr'><strong>Qua</strong></span> <span class='ocrx_word' id='word_1_25' title='bbox 500 1084 586 1145; x_wconf 94' lang='lat' dir='ltr'><strong>modo</strong></span> <span class='ocrx_word' id='word_1_26' title='bbox 607 1083 757 1145; x_wconf 82' lang='lat' dir='ltr'><strong>ferbuerat</strong></span> <span class='ocrx_word' id='word_1_27' title='bbox 775 1082 901 1159; x_wconf 78' lang='lat' dir='ltr'><strong>Lyaeus.</strong></span> 
     </span>
    </p>
   </div>
   <div class='ocr_carea' id='block_1_4' title="bbox 329 1210 901 1541">
    <p class='ocr_par' dir='ltr' id='par_1_4' title="bbox 329 1210 901 1541">
     <span class='ocr_line' id='line_1_8' title="bbox 329 1210 901 1288; baseline 0 -18"><span class='ocrx_word' id='word_1_28' title='bbox 329 1210 395 1271; x_wconf 89' lang='lat' dir='ltr'><strong>Non</strong></span> <span class='ocrx_word' id='word_1_29' title='bbox 415 1211 496 1270; x_wconf 91' lang='lat' dir='ltr'><strong>mille</strong></span> <span class='ocrx_word' id='word_1_30' title='bbox 519 1210 616 1271; x_wconf 89' lang='lat' dir='ltr'><strong>balant</strong></span> <span class='ocrx_word' id='word_1_31' title='bbox 636 1210 758 1288; x_wconf 82' lang='lat' dir='ltr'><strong>lanigeri</strong></span> <span class='ocrx_word' id='word_1_32' title='bbox 778 1227 901 1288; x_wconf 78' lang='lat' dir='ltr'><strong>greges,</strong></span> 
     </span>
     <span class='ocr_line' id='line_1_9' title="bbox 329 1294 877 1372; baseline -0.005 -16"><span class='ocrx_word' id='word_1_33' title='bbox 329 1295 395 1356; x_wconf 86' lang='lat' dir='ltr'><strong>Nee</strong></span> <span class='ocrx_word' id='word_1_34' title='bbox 417 1313 507 1356; x_wconf 79' lang='lat' dir='ltr'><strong>vaona</strong></span> <span class='ocrx_word' id='word_1_35' title='bbox 526 1294 603 1355; x_wconf 86' lang='lat' dir='ltr'><strong>dulei</strong></span> <span class='ocrx_word' id='word_1_36' title='bbox 623 1297 714 1372; x_wconf 90' lang='lat' dir='ltr'><strong>mugit</strong></span> <span class='ocrx_word' id='word_1_37' title='bbox 732 1294 877 1372; x_wconf 86' lang='lat' dir='ltr'><strong>adultero,</strong></span> 
     </span>
     <span class='ocr_line' id='line_1_10' title="bbox 371 1378 800 1458; baseline 0 -20"><span class='ocrx_word' id='word_1_38' title='bbox 371 1378 485 1458; x_wconf 86' lang='lat' dir='ltr'><strong>Unique</strong></span> <span class='ocrx_word' id='word_1_39' title='bbox 507 1380 664 1457; x_wconf 89' lang='lat' dir='ltr'><strong>siquando</strong></span> <span class='ocrx_word' id='word_1_40' title='bbox 686 1380 800 1440; x_wconf 79' lang='lat' dir='ltr'><strong>canenti</strong></span> 
     </span>
     <span class='ocr_line' id='line_1_11' title="bbox 413 1463 899 1541; baseline -0.002 -18"><span class='ocrx_word' id='word_1_41' title='bbox 413 1463 508 1523; x_wconf 85' lang='lat' dir='ltr'><strong>lllutus</strong></span> <span class='ocrx_word' id='word_1_42' title='bbox 529 1482 600 1541; x_wconf 88' lang='lat' dir='ltr'><strong>ager</strong></span> <span class='ocrx_word' id='word_1_43' title='bbox 618 1464 734 1526; x_wconf 89' lang='lat' dir='ltr'><strong>domino</strong></span> <span class='ocrx_word' id='word_1_44' title='bbox 751 1463 899 1525; x_wconf 81' lang='lat' dir='ltr'><strong>reclamat.</strong></span> 
     </span>
    </p>
   </div>
   <div class='ocr_carea' id='block_1_5' title="bbox 327 1589 931 1921">
    <p class='ocr_par' dir='ltr' id='par_1_5' title="bbox 327 1589 931 1921">
     <span class='ocr_line' id='line_1_12' title="bbox 330 1589 931 1671; baseline -0.003 -20"><span class='ocrx_word' id='word_1_45' title='bbox 330 1589 390 1651; x_wconf 89' lang='lat' dir='ltr'><strong>Sed</strong></span> <span class='ocrx_word' id='word_1_46' title='bbox 410 1600 488 1650; x_wconf 85' lang='lat' dir='ltr'><strong>terra</strong></span> <span class='ocrx_word' id='word_1_47' title='bbox 509 1590 609 1670; x_wconf 89' lang='lat' dir='ltr'><strong>primis</strong></span> <span class='ocrx_word' id='word_1_48' title='bbox 631 1600 699 1670; x_wconf 91' lang='lat' dir='ltr'><strong>post</strong></span> <span class='ocrx_word' id='word_1_49' title='bbox 720 1591 841 1671; x_wconf 89' lang='lat' dir='ltr'><strong>patriam</strong></span> <span class='ocrx_word' id='word_1_50' title='bbox 861 1589 931 1651; x_wconf 91' lang='lat' dir='ltr'><strong>mibi</strong></span> 
     </span>
     <span class='ocr_line' id='line_1_13' title="bbox 327 1674 856 1743; baseline 0.002 -8"><span class='ocrx_word' id='word_1_51' title='bbox 327 1674 443 1735; x_wconf 86' lang='lat' dir='ltr'><strong>Dilecta</strong></span> <span class='ocrx_word' id='word_1_52' title='bbox 465 1677 557 1743; x_wconf 87' lang='lat' dir='ltr'><strong>euris;</strong></span> <span class='ocrx_word' id='word_1_53' title='bbox 578 1675 626 1736; x_wconf 88' lang='lat' dir='ltr'><strong>bio</strong></span> <span class='ocrx_word' id='word_1_54' title='bbox 645 1693 710 1736; x_wconf 91' lang='lat' dir='ltr'><strong>mea</strong></span> <span class='ocrx_word' id='word_1_55' title='bbox 731 1676 856 1741; x_wconf 85' lang='lat' dir='ltr'><strong>earmina</strong></span> 
     </span>
     <span class='ocr_line' id='line_1_14' title="bbox 370 1758 771 1837; baseline 0 -19"><span class='ocrx_word' id='word_1_56' title='bbox 370 1758 482 1836; x_wconf 85' lang='lat' dir='ltr'><strong>Regina</strong></span> <span class='ocrx_word' id='word_1_57' title='bbox 503 1758 648 1820; x_wconf 89' lang='lat' dir='ltr'><strong>bellorum</strong></span> <span class='ocrx_word' id='word_1_58' title='bbox 667 1760 771 1837; x_wconf 85' lang='lat' dir='ltr'><strong>virago</strong></span> 
     </span>
     <span class='ocr_line' id='line_1_15' title="bbox 412 1841 835 1921; baseline 0.002 -18"><span class='ocrx_word' id='word_1_59' title='bbox 412 1841 560 1906; x_wconf 82' lang='lat' dir='ltr'><strong>Caesareo</strong></span> <span class='ocrx_word' id='word_1_60' title='bbox 583 1844 733 1906; x_wconf 82' lang='lat' dir='ltr'><strong>decoravit</strong></span> <span class='ocrx_word' id='word_1_61' title='bbox 752 1861 835 1921; x_wconf 81' lang='lat' dir='ltr'><strong>auro,</strong></span> 
     </span>
    </p>
   </div>
   <div class='ocr_carea' id='block_1_6' title="bbox 327 1967 897 2306">
    <p class='ocr_par' dir='ltr' id='par_1_6' title="bbox 327 1967 889 2134">
     <span class='ocr_line' id='line_1_16' title="bbox 327 1967 889 2051; baseline 0.004 -22"><span class='ocrx_word' id='word_1_62' title='bbox 327 1967 421 2043; x_wconf 83' lang='lat' dir='ltr'><strong>Quum</strong></span> <span class='ocrx_word' id='word_1_63' title='bbox 441 1979 471 2029; x_wconf 87' lang='lat' dir='ltr'><strong>tu</strong></span> <span class='ocrx_word' id='word_1_64' title='bbox 493 1969 604 2031; x_wconf 91' lang='lat' dir='ltr'><strong>sodalis</strong></span> <span class='ocrx_word' id='word_1_65' title='bbox 623 1971 709 2032; x_wconf 89' lang='lat' dir='ltr'><strong>duloe</strong></span> <span class='ocrx_word' id='word_1_66' title='bbox 727 1971 889 2051; x_wconf 83' lang='lat' dir='ltr'><strong>perieulum</strong></span> 
     </span>
     <span class='ocr_line' id='line_1_17' title="bbox 328 2053 864 2134; baseline 0.002 -20"><span class='ocrx_word' id='word_1_67' title='bbox 328 2053 471 2114; x_wconf 85' lang='lat' dir='ltr'><strong>Connisus</strong></span> <span class='ocrx_word' id='word_1_68' title='bbox 494 2057 570 2115; x_wconf 90' lang='lat' dir='ltr'><strong>omni</strong></span> <span class='ocrx_word' id='word_1_69' title='bbox 586 2064 709 2134; x_wconf 82' lang='lat' dir='ltr'><strong>pectore</strong></span> <span class='ocrx_word' id='word_1_70' title='bbox 729 2057 864 2132; x_wconf 87' lang='lat' dir='ltr'><strong>tolleres,</strong></span> 
     </span>
    </p>

    <p class='ocr_par' dir='ltr' id='par_1_7' title="bbox 369 2137 897 2306">
     <span class='ocr_line' id='line_1_18' title="bbox 369 2137 897 2202; baseline 0 -2"><span class='ocrx_word' id='word_1_71' title='bbox 369 2139 407 2200; x_wconf 86' lang='lat' dir='ltr'><strong>Ut</strong></span> <span class='ocrx_word' id='word_1_72' title='bbox 428 2137 534 2200; x_wconf 81' lang='lat' dir='ltr'><strong>Castor</strong></span> <span class='ocrx_word' id='word_1_73' title='bbox 554 2140 591 2201; x_wconf 87' lang='lat' dir='ltr'><strong>ad</strong></span> <span class='ocrx_word' id='word_1_74' title='bbox 611 2150 732 2202; x_wconf 76' lang='lat' dir='ltr'><strong>cunctos</strong></span> <span class='ocrx_word' id='word_1_75' title='bbox 753 2140 897 2202; x_wconf 84' lang='lat' dir='ltr'><strong>tremebat</strong></span> 
     </span>
     <span class='ocr_line' id='line_1_19' title="bbox 410 2224 872 2306; baseline 0 -22"><span class='ocrx_word' id='word_1_76' title='bbox 410 2224 572 2301; x_wconf 81' lang='lat' dir='ltr'><strong>Bebryciae</strong></span> <span class='ocrx_word' id='word_1_77' title='bbox 594 2227 732 2306; x_wconf 87' lang='lat' dir='ltr'><strong>strepitus</strong></span> <span class='ocrx_word' id='word_1_78' title='bbox 754 2244 872 2287; x_wconf 86' lang='lat' dir='ltr'><strong>arenae.</strong></span> 
     </span>
    </p>
   </div>
   <div class='ocr_carea' id='block_1_7' title="bbox 326 2352 911 2686">
    <p class='ocr_par' dir='ltr' id='par_1_8' title="bbox 326 2352 911 2686">
     <span class='ocr_line' id='line_1_20' title="bbox 328 2352 835 2428; baseline -0.004 -16"><span class='ocrx_word' id='word_1_79' title='bbox 328 2352 409 2412; x_wconf 86' lang='lat' dir='ltr'><strong>Tene</strong></span> <span class='ocrx_word' id='word_1_80' title='bbox 428 2353 458 2410; x_wconf 92' lang='lat' dir='ltr'><strong>in</strong></span> <span class='ocrx_word' id='word_1_81' title='bbox 479 2353 598 2412; x_wconf 89' lang='lat' dir='ltr'><strong>remotis</strong></span> <span class='ocrx_word' id='word_1_82' title='bbox 618 2352 750 2428; x_wconf 79' lang='lat' dir='ltr'><strong>Syrtibus</strong></span> <span class='ocrx_word' id='word_1_83' title='bbox 771 2353 835 2414; x_wconf 85' lang='lat' dir='ltr'><strong>avia</strong></span> 
     </span>
     <span class='ocr_line' id='line_1_21' title="bbox 326 2434 911 2515; baseline 0 -19"><span class='ocrx_word' id='word_1_84' title='bbox 326 2435 426 2515; x_wconf 85' lang='lat' dir='ltr'><strong>Leptis</strong></span> <span class='ocrx_word' id='word_1_85' title='bbox 448 2434 580 2496; x_wconf 81' lang='lat' dir='ltr'><strong>creavit?</strong></span> <span class='ocrx_word' id='word_1_86' title='bbox 617 2437 678 2498; x_wconf 89' lang='lat' dir='ltr'><strong>lam</strong></span> <span class='ocrx_word' id='word_1_87' title='bbox 698 2438 776 2497; x_wconf 85' lang='lat' dir='ltr'><strong>leret</strong></span> <span class='ocrx_word' id='word_1_88' title='bbox 798 2434 911 2497; x_wconf 83' lang='lat' dir='ltr'><strong>Indicas</strong></span> 
     </span>
     <span class='ocr_line' id='line_1_22' title="bbox 368 2518 783 2600; baseline 0.007 -22"><span class='ocrx_word' id='word_1_89' title='bbox 368 2518 484 2579; x_wconf 84' lang='lat' dir='ltr'><strong>Messes</strong></span> <span class='ocrx_word' id='word_1_90' title='bbox 507 2520 695 2600; x_wconf 83' lang='lat' dir='ltr'><strong>odoratisque</strong></span> <span class='ocrx_word' id='word_1_91' title='bbox 717 2538 783 2582; x_wconf 90' lang='lat' dir='ltr'><strong>rara</strong></span> 
     </span>
     <span class='ocr_line' id='line_1_23' title="bbox 413 2601 886 2686; baseline 0.004 -23"><span class='ocrx_word' id='word_1_92' title='bbox 413 2601 549 2665; x_wconf 84' lang='lat' dir='ltr'><strong>Cinnama</strong></span> <span class='ocrx_word' id='word_1_93' title='bbox 570 2607 731 2686; x_wconf 88' lang='lat' dir='ltr'><strong>praeripiet</strong></span> <span class='ocrx_word' id='word_1_94' title='bbox 753 2605 886 2667; x_wconf 88' lang='lat' dir='ltr'><strong>Sabaeis.</strong></span> 
     </span>
    </p>
   </div>
   <div class='ocr_carea' id='block_1_8' title="bbox 327 2728 921 3067">
    <p class='ocr_par' dir='ltr' id='par_1_9' title="bbox 329 2728 897 2804">
     <span class='ocr_line' id='line_1_24' title="bbox 329 2728 897 2804; baseline 0 -12"><span class='ocrx_word' id='word_1_95' title='bbox 329 2728 400 2804; x_wconf 82' lang='lat' dir='ltr'><strong>Quis</strong></span> <span class='ocrx_word' id='word_1_96' title='bbox 420 2746 478 2790; x_wconf 89' lang='lat' dir='ltr'><strong>non</strong></span> <span class='ocrx_word' id='word_1_97' title='bbox 499 2731 528 2790; x_wconf 92' lang='lat' dir='ltr'><strong>in</strong></span> <span class='ocrx_word' id='word_1_98' title='bbox 550 2733 626 2791; x_wconf 86' lang='lat' dir='ltr'><strong>omni</strong></span> <span class='ocrx_word' id='word_1_99' title='bbox 646 2732 758 2793; x_wconf 83' lang='lat' dir='ltr'><strong>vertice</strong></span> <span class='ocrx_word' id='word_1_100' title='bbox 779 2731 897 2794; x_wconf 89' lang='lat' dir='ltr'><strong>Romuli</strong></span> 
     </span>
    </p>

    <p class='ocr_par' dir='ltr' id='par_1_10' title="bbox 327 2812 921 2974">
     <span class='ocr_line' id='line_1_25' title="bbox 327 2812 921 2897; baseline 0.008 -24"><span class='ocrx_word' id='word_1_101' title='bbox 327 2812 472 2894; x_wconf 87' lang='lat' dir='ltr'><strong>Reptasse</strong></span> <span class='ocrx_word' id='word_1_102' title='bbox 492 2814 607 2876; x_wconf 85' lang='lat' dir='ltr'><strong>dulcem</strong></span> <span class='ocrx_word' id='word_1_103' title='bbox 629 2817 797 2896; x_wconf 87' lang='lat' dir='ltr'><strong>Septimium</strong></span> <span class='ocrx_word' id='word_1_104' title='bbox 818 2816 921 2897; x_wconf 77' lang='lat' dir='ltr'><strong>putet?</strong></span> 
     </span>
     <span class='ocr_line' id='line_1_26' title="bbox 371 2899 834 2974; baseline 0.009 -16"><span class='ocrx_word' id='word_1_105' title='bbox 371 2899 443 2974; x_wconf 80' lang='lat' dir='ltr'><strong>Quis</strong></span> <span class='ocrx_word' id='word_1_106' title='bbox 463 2900 545 2962; x_wconf 81' lang='lat' dir='ltr'><strong>fonte</strong></span> <span class='ocrx_word' id='word_1_107' title='bbox 565 2900 700 2962; x_wconf 90' lang='lat' dir='ltr'><strong>Iuturnae</strong></span> <span class='ocrx_word' id='word_1_108' title='bbox 721 2902 834 2964; x_wconf 86' lang='lat' dir='ltr'><strong>relictis</strong></span> 
     </span>
    </p>

    <p class='ocr_par' dir='ltr' id='par_1_11' title="bbox 409 2983 905 3067">
     <span class='ocr_line' id='line_1_27' title="bbox 409 2983 905 3067; baseline 0.004 -23"><span class='ocrx_word' id='word_1_109' title='bbox 409 2983 554 3065; x_wconf 74' lang='lat' dir='ltr'><strong>Uberibus</strong></span> <span class='ocrx_word' id='word_1_110' title='bbox 572 2995 662 3064; x_wconf 87' lang='lat' dir='ltr'><strong>neget</strong></span> <span class='ocrx_word' id='word_1_111' title='bbox 680 3005 749 3047; x_wconf 90' lang='lat' dir='ltr'><strong>esse</strong></span> <span class='ocrx_word' id='word_1_112' title='bbox 771 2983 905 3067; x_wconf 83' lang='lat' dir='ltr'><strong>pastum?</strong></span> 
     </span>
    </p>
   </div>
   <div class='ocr_carea' id='block_1_9' title="bbox 326 3105 940 3445">
    <p class='ocr_par' dir='ltr' id='par_1_12' title="bbox 326 3105 940 3445">
     <span class='ocr_line' id='line_1_28' title="bbox 326 3105 940 3176; baseline 0.016 -10"><span class='ocrx_word' id='word_1_113' title='bbox 326 3105 391 3167; x_wconf 90' lang='lat' dir='ltr'><strong>Nee</strong></span> <span class='ocrx_word' id='word_1_114' title='bbox 409 3112 480 3171; x_wconf 88' lang='lat' dir='ltr'><strong>mira</strong></span> <span class='ocrx_word' id='word_1_115' title='bbox 497 3113 597 3172; x_wconf 87' lang='lat' dir='ltr'><strong>virtus.</strong></span> <span class='ocrx_word' id='word_1_116' title='bbox 639 3111 772 3174; x_wconf 88' lang='lat' dir='ltr'><strong>Protinus</strong></span> <span class='ocrx_word' id='word_1_117' title='bbox 790 3112 940 3176; x_wconf 83' lang='lat' dir='ltr'><strong>Ausonum</strong></span> 
     </span>
     <span class='ocr_line' id='line_1_29' title="bbox 326 3192 861 3260; baseline 0.015 -8"><span class='ocrx_word' id='word_1_118' title='bbox 326 3192 429 3253; x_wconf 90' lang='lat' dir='ltr'><strong>Portus</strong></span> <span class='ocrx_word' id='word_1_119' title='bbox 450 3196 580 3257; x_wconf 90' lang='lat' dir='ltr'><strong>vadosae</strong></span> <span class='ocrx_word' id='word_1_120' title='bbox 602 3199 719 3258; x_wconf 92' lang='lat' dir='ltr'><strong>neseius</strong></span> <span class='ocrx_word' id='word_1_121' title='bbox 740 3197 861 3260; x_wconf 79' lang='lat' dir='ltr'><strong>Africae</strong></span> 
     </span>
     <span class='ocr_line' id='line_1_30' title="bbox 368 3275 836 3361; baseline 0.019 -26"><span class='ocrx_word' id='word_1_122' title='bbox 368 3275 477 3356; x_wconf 86' lang='lat' dir='ltr'><strong>lutras,</strong></span> <span class='ocrx_word' id='word_1_123' title='bbox 499 3281 711 3361; x_wconf 90' lang='lat' dir='ltr'><strong>adoptatusque</strong></span> <span class='ocrx_word' id='word_1_124' title='bbox 731 3281 836 3345; x_wconf 77' lang='lat' dir='ltr'><strong>Tuscis</strong></span> 
     </span>
     <span class='ocr_line' id='line_1_31' title="bbox 412 3362 836 3445; baseline 0.009 -22"><span class='ocrx_word' id='word_1_125' title='bbox 412 3362 579 3442; x_wconf 87' lang='lat' dir='ltr'><strong>Gurgitibus</strong></span> <span class='ocrx_word' id='word_1_126' title='bbox 600 3384 674 3445; x_wconf 86' lang='lat' dir='ltr'><strong>puer</strong></span> <span class='ocrx_word' id='word_1_127' title='bbox 693 3369 836 3431; x_wconf 89' lang='lat' dir='ltr'><strong>innatasti.</strong></span> 
     </span>
    </p>
   </div>
   <div class='ocr_carea' id='block_1_10' title="bbox 228 3487 886 3828">
    <p class='ocr_par' dir='ltr' id='par_1_13' title="bbox 228 3487 886 3740">
     <span class='ocr_line' id='line_1_32' title="bbox 326 3487 868 3571; baseline 0.013 -23"><span class='ocrx_word' id='word_1_128' title='bbox 326 3487 381 3549; x_wconf 80' lang='lat' dir='ltr'><strong>llic</strong></span> <span class='ocrx_word' id='word_1_129' title='bbox 402 3506 510 3569; x_wconf 86' lang='lat' dir='ltr'><strong>parvus</strong></span> <span class='ocrx_word' id='word_1_130' title='bbox 527 3493 602 3553; x_wconf 89' lang='lat' dir='ltr'><strong>inter</strong></span> <span class='ocrx_word' id='word_1_131' title='bbox 623 3493 747 3571; x_wconf 87' lang='lat' dir='ltr'><strong>pignora</strong></span> <span class='ocrx_word' id='word_1_132' title='bbox 769 3495 868 3556; x_wconf 86' lang='lat' dir='ltr'><strong>euriae</strong></span> 
     </span>
     <span class='ocr_line' id='line_1_33' title="bbox 228 3570 866 3658; baseline 0.014 -27"><span class='ocrx_word' id='word_1_133' title='bbox 228 3609 236 3624; x_wconf 81' lang='lat'><strong>·</strong></span> <span class='ocrx_word' id='word_1_134' title='bbox 328 3570 487 3636; x_wconf 81' lang='lat' dir='ltr'><strong>Contentus</strong></span> <span class='ocrx_word' id='word_1_135' title='bbox 507 3594 574 3637; x_wconf 85' lang='lat' dir='ltr'><strong>raro</strong></span> <span class='ocrx_word' id='word_1_136' title='bbox 596 3578 702 3639; x_wconf 92' lang='lat' dir='ltr'><strong>lumine</strong></span> <span class='ocrx_word' id='word_1_137' title='bbox 719 3596 866 3658; x_wconf 88' lang='lat' dir='ltr'><strong>purpurae</strong></span> 
     </span>
     <span class='ocr_line' id='line_1_34' title="bbox 372 3657 886 3740; baseline 0.016 -21"><span class='ocrx_word' id='word_1_138' title='bbox 372 3657 506 3740; x_wconf 79' lang='lat' dir='ltr'><strong>Cressis,</strong></span> <span class='ocrx_word' id='word_1_139' title='bbox 529 3661 582 3723; x_wconf 89' lang='lat' dir='ltr'><strong>sed</strong></span> <span class='ocrx_word' id='word_1_140' title='bbox 601 3663 746 3725; x_wconf 90' lang='lat' dir='ltr'><strong>inmensos</strong></span> <span class='ocrx_word' id='word_1_141' title='bbox 768 3663 886 3727; x_wconf 85' lang='lat' dir='ltr'><strong>labores</strong></span> 
     </span>
    </p>

    <p class='ocr_par' dir='ltr' id='par_1_14' title="bbox 411 3743 865 3828">
     <span class='ocr_line' id='line_1_35' title="bbox 411 3743 865 3828; baseline 0.02 -24"><span class='ocrx_word' id='word_1_142' title='bbox 411 3743 513 3809; x_wconf 90' lang='lat' dir='ltr'><strong>Indole</strong></span> <span class='ocrx_word' id='word_1_143' title='bbox 531 3748 655 3828; x_wconf 75' lang='lat' dir='ltr'><strong>patricia</strong></span> <span class='ocrx_word' id='word_1_144' title='bbox 673 3757 801 3812; x_wconf 77' lang='lat' dir='ltr'><strong>secutus.</strong></span> <span class='ocrx_word' id='word_1_145' title='bbox 860 3769 865 3777; x_wconf 91' lang='lat'><strong>·</strong></span> 
     </span>
    </p>
   </div>
   <div class='ocr_carea' id='block_1_11' title="bbox 0 0 1572 4434">
    <p class='ocr_par' dir='ltr' id='par_1_15' title="bbox 0 0 1572 4434">
     <span class='ocr_line' id='line_1_36' title="bbox 0 0 1572 4434; baseline 0 2"><span class='ocrx_word' id='word_1_146' title='bbox 0 0 1572 4434; x_wconf 95' lang='lat' dir='ltr'><strong> </strong></span> 
     </span>
    </p>
   </div>
  </div>
 </body>
</html>
