3134 4434
232 486 234 491 -
332 440 373 506 82
664 455 696 503 1³.
720 454 854 505 norrun
874 454 991 507 sunum

333 611 398 685 Qua
415 608 468 671 tibi
487 607 601 671 sublimi
620 609 676 672 iarn
697 629 774 673 nunc
793 611 987 674 celeberrima
1005 611 1082 674 lama
1120 667 1124 671 .
1306 664 1310 672 .

285 708 287 713 '
331 695 462 771 Eminet,
484 704 514 756 et
535 696 656 757 iuuenes
676 695 810 758 facundia
832 698 974 776 praeterit
994 714 1101 758 annos.
1295 711 1327 767 45

396 778 499 841 ‘Felix
520 798 667 858 curarum,
693 782 740 841 cui
760 799 819 841 uon
838 779 990 842 Heliconia
1011 781 1093 843 cordi

332 868 417 928 Serta
438 883 494 925 nec
511 864 636 926 inbelles
656 864 790 927 Parnassi
815 885 832 926 e
855 867 967 926 vertice
990 867 1099 944 laurus,

332 950 392 1030 Sed
412 949 493 1027 uiget
512 950 673 1028 ingenium,
697 959 727 1010 et
747 967 870 1028 magnos
891 952 1040 1011 accinctus
1061 952 1091 1010 in
1112 969 1183 1012 usus

333 1035 402 1097 Fert
424 1035 533 1096 animus
555 1052 751 1114 quascumque
768 1036 862 1095 vices.
905 1034 967 1094 Nos
989 1036 1047 1096 otia
1065 1037 1144 1096 ritae

332 1120 467 1183 Solamur
488 1127 573 1179 cantu
593 1127 775 1198 ventosaque
797 1119 901 1197 gaudia
917 1118 1012 1180 lamae
1294 1133 1326 1185 to

331 1203 512 1279 Quaerimus.
550 1201 595 1262 lln
616 1212 734 1281 egomet
755 1220 884 1264 somnum
906 1211 936 1264 et
955 1202 1072 1282 geniale
1093 1213 1211 1265 secutus

330 1289 425 1365 Litus,
447 1287 496 1347 uhi
514 1287 645 1348 Ausonio
667 1306 700 1348 se
723 1288 852 1349 condidit
869 1288 986 1368 hospita
1006 1296 1092 1367 portu

332 1373 532 1450 Parthenope,
553 1380 656 1433 tenues
676 1374 781 1451 ignaro
801 1373 911 1452 pollice
930 1372 1055 1433 chordas

332 1457 436 1534 Pulso,
458 1456 647 1537 Maroneique
670 1457 779 1518 sedens
798 1459 828 1517 in
849 1458 979 1535 margine
997 1456 1098 1535 templi

333 1543 420 1603 Sumo
444 1542 565 1619 animum
587 1551 616 1602 et
636 1544 732 1620 magni
751 1543 865 1602 tumulis
887 1543 1010 1602 adcanto
1027 1542 1166 1619 magistri.

396 1624 449 1686 ‘At
467 1635 513 1704 tu,
536 1627 562 1686 si
579 1626 661 1704 longi
681 1645 796 1686 cursum
818 1626 898 1687 dabit
917 1626 1049 1706 Atropos
1067 1627 1144 1702 aevi,

331 1712 447 1790 Detque
467 1727 592 1790 precor,
612 1710 742 1789 Latiique
762 1711 844 1771 ducis
866 1713 909 1771 sic
929 1713 1041 1772 numina
1063 1722 1199 1790 pergant,
1368 1787 1369 1793 ἵ

331 1831 374 1842 -
395 1796 488 1871 Quem
507 1794 559 1854 tibi
577 1794 746 1874 posthabito
769 1795 892 1856 studium
917 1805 962 1856 est
982 1796 1110 1856 coluisse
1130 1796 1274 1877 l'onaute,
1368 1842 1369 1863 t

298 1875 307 1890 ⁹
332 1881 447 1959 Quique
468 1889 534 1940 tuos
556 1879 614 1940 alio
637 1879 764 1940 subtexit
785 1898 905 1940 munere
925 1881 1035 1957 fasces,
1368 1886 1369 1901 ¹

225 1994 230 2005 ¹
331 1964 370 2026 Et
391 1965 483 2045 spatia
506 1965 640 2044 antiquae
661 1965 777 2026 mandat
796 1982 941 2026 renovare
962 1965 1095 2044 Latinae,
1116 2000 1159 2012 ·-
1293 1977 1325 2032 fio
1368 1954 1369 2003 l

331 2049 464 2111 Forsitan
482 2047 628 2111 Ausonias
646 2048 703 2109 ibis
723 2050 841 2110 frenare
864 2050 1012 2125 cohortes,

330 2135 389 2196 Aut
408 2133 503 2195 Rheni
525 2134 652 2214 populos
674 2143 723 2195 aut
747 2137 848 2212 nigrae
872 2135 958 2195 litora
978 2134 1099 2211 Thules,

330 2221 389 2280 Aut
408 2218 512 2280 lstrum
532 2237 651 2280 seruare
672 2220 747 2281 latus
769 2219 980 2299 metuendaque
1002 2227 1106 2298 portae

329 2305 438 2365 Limina
461 2302 633 2384 Caspiacae.
675 2303 739 2365 Nec
763 2306 838 2365 enim
855 2303 906 2364 tibi
928 2305 993 2365 sola
1015 2303 1142 2383 potentis

330 2389 449 2468 Eloquii
468 2390 577 2466 virtus,
599 2398 664 2449 sunt
680 2388 810 2451 membra
828 2388 1014 2450 accommoda
1031 2387 1130 2463 hellis,
1294 2397 1323 2454 65
1368 2394 1369 2453 3

332 2472 448 2552 Quique
470 2491 594 2550 gravemv
610 2474 693 2535 tarde
715 2474 839 2535 suheaut
858 2473 979 2535 thoraca
1000 2473 1114 2534 lacerti.
1366 2474 1369 2552 i

332 2559 392 2619 Seu
413 2575 516 2637 campo
538 2558 632 2636 pedes
651 2560 695 2619 ire
718 2577 820 2638 paras,
844 2567 889 2619 est
910 2559 1023 2636 agmina
1045 2574 1133 2636 supra

306 2703 308 2707 .
331 2640 487 2703 Notaturus
509 2660 601 2722 apex,
625 2661 678 2703 seu
698 2643 781 2704 frena
804 2644 934 2704 sonantia
953 2642 1067 2719 flectes,

332 2728 450 2789 Serviet
469 2746 557 2807 asper
578 2745 680 2807 equus.
723 2728 785 2789 Nos
806 2729 883 2790 lacta
901 2729 995 2789 aliena
1017 2726 1147 2787 cauendo

331 2812 487 2890 Vergimur
508 2813 537 2872 in
557 2814 684 2874 senium:
707 2815 834 2893 propriis
854 2823 884 2874 tu
904 2812 1028 2892 pulcher
1049 2812 1077 2870 in
1099 2812 1186 2871 armis
1295 2821 1325 2877 to

332 2895 401 2975 lpse
423 2897 551 2959 canenda
570 2916 658 2976 geres
678 2898 849 2979 patriaeque
873 2897 1008 2975 exempla
1028 2894 1156 2975 parabis.

275 3044 277 3051 ,
331 2980 436 3059 Magna
458 2992 543 3063 pater
566 2983 729 3062 dignosque
752 2985 904 3043 etiamnum
923 2980 1050 3059 belliger
1073 2989 1155 3041 actus
1199 3035 1201 3040 .
1366 2953 1369 3087 Ι

332 3065 431 3126 Poscit
451 3086 538 3143 avus,
561 3077 748 3148 praestatque
771 3068 847 3128 dorni
866 3069 985 3128 novisse
1003 3066 1174 3145 triumphos.
1368 3092 1369 3159 p

333 3151 426 3227 Surge
448 3151 589 3229 agedum,
612 3153 804 3232 iuvenemque
826 3171 899 3232 puer
921 3150 1111 3231 deprehende
1136 3161 1297 3231 parentem,
1367 3168 1369 3291 p

333 3235 489 3296 stemmate
510 3244 639 3301 materno
661 3237 749 3314 felix,
770 3238 875 3297 virtute
897 3246 1027 3317 paterna.
1296 3243 1326 3300 lt
1368 3298 1369 3315 ,

333 3318 392 3379 larn
413 3330 442 3380 te
464 3320 568 3382 blanda
588 3321 651 3381 sinu
674 3321 762 3398 Tyrio
785 3321 841 3382 sihi
862 3321 957 3400 gloria
978 3320 1052 3381 felix
1368 3326 1369 3389 l

334 3402 445 3467 Educat
464 3415 493 3466 et
514 3414 633 3466 cunctas
656 3407 763 3484 gaudet
784 3407 931 3486 spondere
951 3405 1091 3467 curules’
1368 3400 1369 3405 ’

398 3490 478 3552 Haec
500 3500 557 3568 ego
579 3488 756 3552 Chalcidicis
777 3492 815 3554 ad
835 3501 883 3570 te,
903 3490 1061 3568 Marcella,
1083 3488 1224 3552 sonabam

332 3576 493 3651 litoribus,
513 3576 622 3636 fractas
643 3576 692 3636 ubi
713 3575 839 3636 Vesvius
862 3576 948 3654 erigit
967 3576 1037 3653 iras,

333 3660 455 3723 Aemula
474 3660 629 3722 l'rinacriis
650 3661 780 3725 volveus¹
794 3662 926 3723 incendia
946 3661 1075 3723 flammis.
1295 3668 1327 3724 80

330 3743 402 3808 liira
422 3745 508 3808 fides!
549 3744 696 3809 Credetno
718 3748 812 3809 sirum
832 3755 953 3809 ventura
975 3761 1121 3828 propago,
