3134 4434
324 437 383 518 100
668 465 852 515 P.PA1³nt11
874 465 987 516 sunum

323 626 462 700 Pectora,
484 638 540 683 neo
555 621 691 702 requies,
710 622 778 702 quin
797 631 826 683 et
847 623 993 701 surgentia
1011 622 1099 685 coelo

322 709 449 769 Flamina
470 716 499 767 et
520 725 537 766 e
559 708 669 768 eunetis
688 716 879 786 prospectem
900 707 1023 768 oollibus
1042 709 1147 770 undas.
1278 725 1327 782 295

387 792 542 852 ‘Exoritur
562 789 725 870 pudibunda
747 791 811 852 dies
832 792 1004 871 coelumque
1027 802 1172 856 retexens

323 877 466 938 Avernum
483 873 590 937 Lemno
611 874 708 952 iubar,
732 884 762 936 et
779 874 904 937 declinia
923 877 1006 937 Titan

323 961 464 1042 Opposita
484 962 551 1039 iuga
573 959 648 1020 nube
669 959 774 1038 refert:
795 969 916 1041 patuere
937 960 1053 1022 furores

321 1045 478 1122 Nocturni,
501 1045 632 1124 lucisque
650 1063 745 1108 novae
762 1044 914 1106 formidine
933 1048 1043 1107 cunetis
1065 1081 1106 1090 -

323 1130 499 1209 Quamquam
515 1130 589 1190 inter
606 1129 714 1191 similes
735 1164 778 1176 -
795 1129 909 1192 habitus
926 1130 1031 1208 rubor,
1053 1130 1132 1210 inpia
1147 1141 1255 1200 terrae
1274 1145 1326 1203 too

321 1215 464 1276 infodiunt
485 1213 617 1292 seelera,
639 1223 687 1276 aut
706 1214 818 1275 iestiuis
838 1214 951 1293 ignibus
973 1223 1065 1279 urunt.

321 1300 381 1361 lam
400 1317 500 1361 munus
518 1297 704 1360 Eumenidum
725 1307 883 1378 nuptasque
904 1299 1055 1378 refugerat
1075 1316 1164 1363 arces

320 1383 479 1446 Exuturatu
497 1382 612 1462 Venus,
633 1382 714 1444 liouit
734 1383 858 1462 sentire,
877 1383 945 1464 quid
963 1402 1068 1462 ausae,

320 1468 359 1530 Et
379 1468 496 1530 turbare
519 1486 618 1530 nomas
638 1476 668 1529 et
688 1466 793 1529 lumina
811 1468 925 1548 tingere
944 1469 1024 1530 deto.

382 1553 496 1614 ‘Insula
515 1552 598 1614 dives
618 1552 695 1632 agris
716 1552 881 1634 opibusque
901 1555 1045 1633 armisque
1064 1554 1216 1636 uirisque,
1271 1569 1322 1625 sos

320 1638 397 1700 Nota
416 1639 471 1699 situ
492 1647 521 1698 et
542 1636 644 1698 Getico
666 1655 760 1718 nuper
780 1637 867 1701 ditatu
887 1638 1047 1719 triumpho,

320 1722 387 1785 Nou
405 1723 491 1784 maris
509 1723 641 1801 incursu,
661 1740 719 1783 non
739 1722 842 1800 hoste,
862 1740 917 1782 neo
935 1722 1054 1784 aethere
1075 1722 1182 1801 laevo,

319 1806 449 1869 Perdidit
468 1825 524 1868 una
543 1823 643 1867 omues
663 1806 765 1868 orbata
788 1807 945 1887 excisaque
967 1807 1070 1868 mundo

320 1891 490 1971 indigenas:
512 1908 570 1952 nou
591 1908 659 1952 arra
680 1891 749 1969 riri,
772 1908 831 1951 uon
851 1909 979 1971 aequora
1000 1902 1129 1968 vertunt,

322 1975 498 2038 Conticuere
518 1977 635 2054 domus,
655 1994 742 2037 eruor
762 1975 852 2053 altus,
874 1984 903 2037 et
924 1975 1013 2037 oblita
1035 1994 1135 2038 orasso
1269 1991 1320 2046 310

323 2061 431 2123 Cunota
453 2056 557 2124 rubent
576 2060 664 2140 tabo,
686 2078 867 2141 magnaeque
887 2062 917 2122 in
936 2060 1087 2122 moenibus
1106 2061 1187 2123 urhis

321 2147 383 2209 Nos
405 2156 529 2226 tantum,
550 2155 579 2208 et
599 2147 680 2208 saevi
700 2147 811 2227 spirant
832 2164 886 2226 per
908 2146 1028 2206 eulmina
1049 2163 1159 2208 manes.

384 2231 469 2312 ‘ipsa
492 2250 608 2313 quoque
630 2232 744 2294 areanis
763 2232 835 2293 teeti
854 2232 883 2291 iu
903 2228 1099 2310 penetralibus
1119 2232 1180 2293 alto

320 2317 426 2379 Molior
446 2318 513 2395 igue
533 2334 651 2397 pyram,
674 2325 823 2397 sceptrum
843 2334 934 2396 super
953 2332 1089 2395 armaque
1110 2318 1203 2396 patris

319 2401 409 2464 luicio
431 2410 461 2461 et
480 2411 564 2462 notas
581 2418 683 2478 regum
703 2400 865 2479 gestamina
882 2404 999 2477 vestes,
1266 2414 1316 2469 315

320 2488 366 2547 Ao
387 2503 481 2567 prope
501 2493 613 2545 moesta
630 2500 734 2562 rogum
756 2484 885 2544 oouiusis
906 2483 1020 2562 ignibus
1041 2483 1124 2545 adsto

319 2571 400 2633 Ense
422 2576 588 2647 cruentato,
611 2567 801 2648 fraudemque
823 2577 852 2628 et
872 2570 966 2630 inania
986 2569 1071 2631 busta

319 2654 430 2732 Plango
449 2662 546 2732 metu,
567 2653 592 2713 si
613 2652 690 2713 iorte
710 2660 858 2733 premant,
880 2671 1051 2733 cassumque
1073 2655 1186 2734 parenti

322 2739 413 2801 Omen
436 2748 465 2800 et
485 2735 661 2800 hao'dubios
679 2736 731 2798 leti
751 2754 860 2818 pretor
880 2739 924 2798 ire
944 2739 1073 2799 timores.

383 2824 452 2886 ‘His
468 2822 542 2885 mihi
562 2822 763 2904 promeritis,
786 2831 817 2884 ut
838 2822 904 2884 fulsi
923 2825 1048 2884 oriminis
1070 2832 1132 2884 astu
1265 2835 1315 2892 spo

320 2910 405 2972 Parta
426 2909 514 2987 fides,
533 2925 626 2988 reguo
649 2916 679 2969 et
700 2907 777 2969 solio
801 2907 956 2970 considere
973 2907 1064 2989 patris
1284 2922 1288 2930 ·

321 2995 500 3075 Supplicium
522 2994 614 3056 datur.
658 2992 742 3054 Anne
762 2993 820 3054 illis
842 2992 965 3054 obsessa
983 2989 1142 3070 negarem?

320 3078 461 3156 Accessi,
482 3096 572 3158 saepe
593 3086 659 3139 unte
681 3078 755 3140 deos
774 3086 881 3140 testata
902 3077 1047 3158 iidemque

321 3163 529 3243 inmeritasque
551 3180 665 3233 mauus;
688 3162 782 3225 subeo
802 3198 843 3208 -—
863 3179 918 3243 pro
941 3162 1001 3223 dira
1020 3161 1170 3242 potestas!
1229 3186 1233 3191 ·

321 3244 462 3326 Exaugue
482 3247 631 3327 imperium
652 3255 682 3308 et
699 3257 840 3309 moestam
859 3249 923 3329 'sine
945 3247 1067 3309 eulmine
1088 3245 1226 3308 Lemnon.
1263 3259 1313 3316 sus

385 3331 462 3393 ‘iam
477 3333 569 3411 magis
585 3340 671 3411 atque
688 3333 781 3412 mag-is
798 3332 907 3412 uigii'es·
922 3332 1008 3394 dolor
1021 3349 1130 3411 angore
1144 3349 1252 3396 sensus

321 3416 358 3477 m
379 3417 502 3495 gemitus
526 3415 613 3494 olari,
638 3426 667 3478 et
686 3417 822 3498 paulatim
843 3417 933 3478 inuisa
954 3416 1082 3494 Polyxo,

319 3500 380 3563 Iam
400 3501 564 3562 meminisse
586 3497 684 3570 nerum
707 3502 762 3563 iarn
781 3518 894 3583 ponere
916 3501 1047 3563 manibus
1069 3517 1135 3563 aras

323 3583 515 3664 Concessum,
540 3594 570 3647 et
588 3585 705 3648 multum
723 3586 837 3648 eineres
856 3587 951 3648 iurare
969 3586 1112 3667 sepultos.

322 3672 371 3732 Sic
392 3671 441 3732 ubi
460 3671 610 3732 duetorem
630 3672 761 3752 trepidae
782 3670 946 3753 stabulique
966 3673 1112 3746 maritum,
1265 3684 1315 3742 330

309 3754 407 3828 Quom
421 3775 522 3839 penes
542 3766 574 3822 et
594 3756 688 3822 saltus
710 3766 742 3822 et
763 3756 886 3822 aduitae·
899 3755 997 3836 gioria
1012 3758 1128 3834 gouusq
