3134 4434
322 431 385 496 194
660 449 845 498 murrum
867 449 983 499 suurn

388 604 437 665 Sic
458 605 497 665 ait
516 604 683 667 infrendens
705 615 736 667 et
753 615 860 687 sponte
880 606 1042 668 furentibus
1064 610 1160 674 undis

324 691 413 768 Signa
432 688 523 759 dedit;
550 691 633 751 mittit
652 691 767 769 gelidus
785 701 927 753 montana·
940 690 1108 756 Cithaeron

324 774 439 835 Auxilia
460 777 648 855 antiquasque
670 776 752 837 nives
774 784 806 836 et
824 776 929 855 pabula
950 775 1073 839 brumae

324 859 371 920 lre
392 859 485 929 iubet;
508 861 598 921 irater
617 861 720 922 tacitas
740 861 861 940 Asopos
880 863 957 922 eunti

326 943 468 1005 Conciliat
488 946 568 1004 vires
589 952 618 1004 et
639 945 743 1005 hiulcis
765 944 879 1007 flumina
900 946 982 1006 venis

325 1029 478 1106 Suggerit,
506 1030 572 1108 ipse
593 1047 683 1091 cavae
705 1039 849 1091 scrutatur
867 1032 983 1092 viscera
1005 1038 1123 1109 terrae,

324 1114 491 1193 Staguaque
511 1123 720 1194 torpentesque
740 1114 821 1174 lacus
840 1115 998 1194 pigrasque
1021 1115 1155 1194 paludes

324 1196 566 1277 Excutit,‘atque
586 1198 686 1259 avidos
706 1199 815 1260 tollens
836 1200 873 1260 ad
894 1200 989 1260 sidera
1010 1199 1116 1262 vultus

318 1283 480 1344 ¹llumentes
499 1282 619 1343 nebulas
638 1283 770 1344 exhaurit
792 1293 823 1345 et
845 1300 914 1344 aera
935 1285 1036 1345 siooat

323 1365 442 1446 lamque
462 1385 552 1446 super
571 1369 651 1447 ripas
671 1377 795 1447 utroque
818 1370 961 1429 extantior
979 1368 1041 1429 ibat

324 1453 462 1529 Aggere,
484 1453 539 1513 iam
557 1453 682 1514 medium
701 1453 788 1514 modo
810 1454 859 1533 qui
881 1461 1072 1533 superaverat
1095 1473 1223 1520 amnem

319 1536 525 1616 -llippomedou
544 1539 666 1599 intactus
686 1540 767 1617 aquis
789 1539 982 1617 humerosque
1001 1554 1171 1622 manusque

324 1620 442 1683 lliratur
463 1623 592 1683 crevisse
613 1622 716 1683 vadum
739 1640 867 1702 seseque
888 1624 1037 1682 minorem.

324 1706 397 1766 llinc
419 1715 504 1786 atque
523 1707 590 1767 irino
612 1707 710 1767 tumidi
731 1709 851 1783 iluotus,
874 1709 1060 1787 animosaque
1079 1713 1185 1789 surgit

326 1789 497 1870 Tempestas
514 1793 604 1851 instar
625 1791 739 1871 pelagi,
763 1811 848 1872 quum
867 1790 1000 1852 Pleiadas
1021 1791 1122 1854 haurit

325 1876 383 1935 Aut
399 1877 511 1952 nigrum
529 1875 651 1955 trepidis
668 1877 789 1955 inpingit
808 1875 915 1937 Oriona
935 1876 1038 1936 nautis.

388 1959 453 2021 Non
473 1979 559 2021 secus
581 1977 728 2040 aequoreo
747 1964 835 2022 iactat
856 1960 1045 2022 Theumesius
1064 1965 1163 2024 amnis

324 2045 555 2125 Hippomedonta
576 2045 655 2123 salo,
678 2065 853 2126 semperque
872 2044 996 2106 umbone
1017 2046 1140 2108 sinistro

325 2130 464 2207 Tollitur,
488 2141 517 2191 et
539 2132 662 2210 clipeum
682 2133 813 2210 nigrante
835 2131 1003 2210 supervenit
1023 2140 1109 2191 aestu

325 2217 468 2295 Spumeus
489 2216 647 2292 assultans,
669 2215 819 2295 fractaque
839 2215 999 2276 refunditur
1017 2215 1092 2275 unda
1150 2256 1153 2261 ·

324 2300 361 2361 Et
382 2301 495 2360 cumulo
515 2302 624 2361 maiore
647 2301 736 2370 redit;
759 2319 816 2361 nec
837 2300 914 2360 mole
937 2300 1056 2379 liquenti

325 2382 501 2463 Contentus,
528 2387 620 2464 carpit
640 2395 740 2465 putres
761 2387 905 2446 servantia
925 2385 1004 2464 ripas
1091 2414 1093 2418 >
1126 2409 1128 2412 ·

325 2469 467 2546 llrbusta,
491 2487 673 2549 annosasque
694 2469 792 2530 trabes
814 2471 966 2549 eiectaque
986 2468 1076 2528 iuudo

326 2556 403 2615 Saxa
421 2564 510 2624 rotat;
539 2563 596 2614 stat
614 2571 709 2633 pugna
727 2556 810 2634 inpar
831 2556 979 2633 amnisque
998 2553 1114 2632 virique

323 2637 493 2716 indignante
511 2639 582 2707 deo;
603 2657 658 2699 neo
678 2640 752 2700 enim
771 2639 819 2700 dat
837 2648 936 2716 terga,
959 2656 1015 2700 neo
1031 2637 1100 2698 ullis

323 2721 478 2801 Frangitur
497 2723 548 2784 ille
568 2723 666 2800 minis,
688 2725 898 2804 venientesque
917 2722 1018 2784 obvius
1038 2723 1133 2783 undas

323 2808 413 2869 Intrat
435 2817 465 2869 et
484 2808 601 2869 obiecta
622 2807 751 2888 dispellit
771 2808 885 2871 dumina
906 2825 1014 2888 parma.

324 2894 407 2954 Stant
428 2903 506 2954 terra
526 2893 655 2971 fugiente
674 2894 799 2972 gradus,
824 2902 854 2954 et
874 2893 986 2973 poplite
1006 2901 1092 2952 tenso

323 2977 445 3039 Lubrica
464 2997 533 3039 saxa
554 2987 667 3055 tonent,
690 2979 871 3059 genibusque
893 2977 1016 3038 obnixus
1035 2985 1065 3037 et
1085 2976 1223 3043 haerens

326 3062 448 3124 Subruta
467 3064 564 3124 fallaci
586 3072 683 3124 servat
704 3064 828 3142 vestigia
849 3063 928 3140 limo,
1285 3078 1328 3134 475

326 3147 376 3207 Sic
399 3149 484 3208 etiam
506 3150 696 3227 increpitans:
722 3147 824 3209 ‘Unde
844 3147 935 3224 haec,
957 3145 1087 3221 Ismene,
1111 3162 1251 3230 repente

323 3230 370 3291 Ira
390 3230 466 3292 tibi‘l
489 3250 584 3312 quove
606 3233 658 3293 has
679 3234 790 3294 traxisti
808 3233 924 3310 gurgite
942 3233 1021 3292 vires

322 3314 428 3376 lnhelli
445 3316 600 3377 famulante
622 3313 698 3378 deo?
726 3317 879 3396 solumque
901 3333 1033 3377 cruorem
1114 3345 1120 3360 ·

325 3399 469 3462 Femineis
490 3411 612 3482 experte
633 3402 746 3478 choris,
776 3420 862 3482 quum
884 3401 1027 3462 Baoolrioa
1046 3401 1140 3478 mugit

326 3484 440 3562 Buxus,
466 3495 496 3547 et
514 3487 631 3547 insanae
650 3487 793 3548 maculant
811 3487 958 3547 trieterica
979 3484 1129 3546 matres‘l’
1288 3506 1332 3561 48⁰

387 3569 523 3640 Dixerat;
545 3580 631 3651 atque
651 3571 693 3632 illi
715 3590 782 3632 sese
803 3572 873 3633 deus
894 3570 997 3631 obtulit
1015 3570 1092 3630 ultro

326 3652 467 3717 Turbidus
486 3655 576 3716 imbre
597 3673 689 3732 genas
710 3665 740 3716 et
760 3655 837 3717 nube
858 3657 980 3716 natantis
1001 3673 1121 3734 arenae,

317 3736 385 3802 lter
403 3741 500 3806 saevit
520 3741 623 3824 dictis,
644 3750 748 3805 trunca
767 3740 824 3804 sed
841 3749 968 3821 pectora
987 3756 1102 3816 quercu
