3134 4434
601 475 802 527 THEBAIDOS
824 476 895 528 11113.
914 478 961 528 tv.

285 633 423 711 Vellera,
447 632 593 694 frondenti
612 633 730 694 crinitur
752 633 953 711 nassis-oliva,

284 717 420 798 Albaque
442 719 580 798 puniceas
603 718 768 798 interplicat
789 718 880 780 infula
903 720 1016 780 oristas.

284 802 373 864 Arma
392 803 479 863 simul
500 821 678 883 pressasque
698 805 767 881 iugo
788 803 956 865 moderatur
975 801 1115 865 habenas.

283 887 357 948 Hine
379 897 467 968 atque
489 887 556 949 inde
574 905 673 948 morae
696 888 815 966 iaculis,
839 897 870 949 et
887 889 986 950 ferrea
1006 906 1091 949 ourru

283 972 365 1034 Silva
385 974 495 1043 tremit;
517 973 621 1052 procul
642 973 707 1052 ipse
726 975 811 1050 gravi
830 973 1001 1035 metuendus
1022 973 1051 1033 in
1071 972 1153 1036 hasta

284 1056 400 1117 Eminet
423 1065 452 1118 et
474 1057 573 1137 clipeo
593 1057 700 1118 uictum
721 1057 852 1134 Pythona
870 1067 1014 1119 oorusoat.

345 1141 435 1201 Huius
457 1142 634 1221 Apollineae
655 1160 770 1203 ourrum
792 1143 962 1204 comitantur
983 1141 1135 1222 Amyclae,

282 1226 366 1300 Quos
389 1225 477 1303 Pylos
500 1235 530 1287 et
551 1226 645 1288 dubiis
663 1224 759 1288 Malea
780 1228 870 1289 vitata
890 1227 995 1288 earinis

282 1310 493 1390 Plaudentique
512 1309 626 1373 habiles
649 1308 763 1387 Caryae
784 1330 925 1373 resonare
940 1311 1062 1389 Dianae,

284 1395 367 1471 Quos
384 1395 485 1457 Pharis
510 1395 720 1474 volucrumque
742 1414 850 1477 pareus
872 1393 1029 1472 Cythereia
1050 1396 1160 1477 Messe,

283 1479 467 1560 Taygetique
490 1480 617 1561 phalanx
638 1489 670 1541 et·
690 1479 824 1542 oloriferi
844 1479 974 1542 Eurotae

283 1564 364 1626 Dura
386 1583 495 1626 manus.
539 1563 621 1626 Deus
642 1565 707 1645 ipse
728 1566 809 1627 viros
830 1567 859 1626 in
880 1565 1004 1645 pulvere
1026 1568 1117 1629 orudo

282 1650 379 1710 Areas
397 1650 447 1710 alit
468 1649 621 1730 nudaeque
641 1648 744 1711 modos
764 1651 878 1712 uirtutis
901 1659 930 1711 et
951 1652 1013 1711 iras*

281 1735 455 1812 Iugeuerat;
473 1735 560 1814 vigor
582 1734 649 1796 inde
667 1736 769 1797 animis
790 1745 820 1797 et
840 1737 941 1797 mortis
964 1734 1095 1797 honorae

282 1818 380 1880 llulee
399 1836 522 1879 suorum.
567 1817 698 1881 Gaudent
718 1829 850 1883 natorum
868 1820 928 1882 lata
950 1829 1089 1900 parentes

282 1903 498 1984 llortanturque
522 1905 611 1981 mori,
634 1904 725 1966 dedet
745 1907 858 1986 iamque
882 1907 973 1966 omuls
995 1905 1139 1985 ephebum

285 1987 397 2065 Turba,
422 1997 562 2050 coronato
588 1998 723 2051 contenta
745 1998 792 2051 est
812 1990 914 2053 iuuere
936 1998 1038 2051 mater.

283 2070 379 2134 Frena
401 2080 501 2133 teuent
523 2072 691 2153 duplexque
712 2075 821 2136 inserto
843 2075 954 2136 missile
975 2074 1053 2135 nodo

283 2157 387 2219 Exerti
408 2159 541 2236 ingentes
562 2156 715 2236 humeros,
740 2158 870 2236 chlamys
891 2157 1009 2220 horrida
1030 2158 1139 2238 pendet
1267 2171 1277 2184 ·

283 2241 321 2303 Et
342 2260 417 2303 oono
438 2241 571 2303 Ledaeus
592 2254 679 2322 apex.
722 2241 789 2304 Non
805 2243 835 2305 hi
856 2242 909 2304 tibi
927 2241 1032 2320 solum,

284 2327 478 2408 Amphiarae,
501 2336 631 2388 merent:
655 2330 744 2407 auget
762 2329 900 2408 resupina
917 2327 1067 2407 maniplos

283 2411 363 2490 Elis,
385 2412 548 2492 depressae
567 2411 693 2493 populus
713 2412 791 2474 subit
811 2413 909 2475 insola
929 2413 1025 2489 Pisae,

284 2496 343 2571 Qui
364 2505 409 2574 te,
431 2497 523 2575 dave,
546 2505 645 2560 natant
665 2499 766 2576 terris,
789 2497 925 2580 Alphee,
947 2497 1061 2560 Sioauis

282 2582 422 2660 Aduena,
441 2592 498 2644 tam
521 2583 611 2662 longo
633 2601 691 2644 nou
708 2602 842 2664 umquam
859 2583 968 2646 iuieote
990 2582 1145 2663 proluudo.

283 2664 424 2726 Curribus
447 2667 602 2728 innumeris
621 2668 680 2729 late
704 2671 798 2748 putria
819 2687 889 2730 arva
910 2668 1059 2730 lacessunt

283 2750 322 2811 lit
345 2749 431 2811 bellis
452 2760 581 2813 armenta
602 2752 735 2814 domant:
758 2770 794 2814 ea
812 2754 908 2832 gloria
928 2753 1008 2831 genti

282 2834 404 2894 lnlando
427 2834 464 2894 de
484 2851 566 2896 mors
588 2845 619 2897 et
639 2837 740 2897 lraotis
761 2837 847 2899 durat
867 2837 905 2898 ab
927 2853 1022 2916 usque

283 2917 397 2978 Axibus
419 2917 575 2989 Oenomai;
596 2919 719 2980 strident
737 2923 899 3001 spumantia
920 2936 1018 2981 morsu

284 3001 427 3080 Vincula,
447 3010 476 3062 et
498 3002 623 3064 effossas
644 3003 747 3065 niveus
767 3006 844 3083 rigat
864 3004 957 3066 imber
977 3019 1092 3065 arenas.
1231 3013 1282 3070 tls

347 3086 390 3148 Tu
410 3105 528 3167 quoque
548 3086 716 3149 Parrhasias
738 3089 840 3168 ignara
859 3099 951 3152 matre
974 3095 1107 3151 catervas
1209 3136 1217 3153 .

283 3171 345 3234 Ah!
368 3173 448 3233 rudis
469 3189 623 3274 annorum,
642 3181 748 3235 tautum
770 3191 846 3235 nova
866 3174 963 3254 gloria
980 3173 1094 3251 suadet,

282 3257 521 3337 Parthenopaee,
541 3259 637 3338 rapis;
660 3266 719 3319 tum
741 3258 832 3321 saltus
854 3259 932 3320 lorte
953 3267 1084 3320 remotos

283 3342 380 3403 'l'orva
398 3360 522 3421 parens,
538 3361 633 3422 noque
650 3344 725 3403 euim
739 3343 814 3405 haee
829 3343 925 3405 iuveni
939 3343 1041 3405 louet
1031 3362 1075 3405 ure
1090 3352 1233 3424 potestas,

283 3426 411 3487 Paeabat
432 3443 522 3487 cornu
542 3428 691 3508 gelidique
711 3446 816 3491 aversa
837 3428 936 3506 Lycei.
1230 3440 1282 3492 200

283 3510 436 3572 Pulchrior
457 3510 533 3572 haud
554 3512 606 3574 ulli
625 3515 706 3575 triste
719 3513 762 3576 ad
785 3513 941 3575 discrimen
961 3514 1036 3574 ituro

283 3595 405 3672 Vultus,
428 3604 457 3655 et
480 3597 621 3675 egregiae
638 3607 716 3659 tauta
739 3597 917 3678 indulgentia
938 3598 1064 3668 lormae;

284 3678 348 3739 Nee
372 3680 475 3740 desunt
497 3682 598 3759 animi,
618 3683 715 3754 ueniat
736 3682 824 3744 modo
845 3683 950 3745 lortior
972 3693 1066 3744 aetas.

280 3764 364 3836 Quos
384 3782 443 3824 nou
466 3764 520 3827 ille
542 3766 634 3832 duoes
657 3785 816 3834 nemorum
831 3769 997 3852 hueusque
1017 3767 1126 3827 dream
