3134 4434
307 475 370 536 212
651 485 683 532 Ρ.
705 483 839 532 rss1nn
861 483 980 532 susum

308 645 475 718 Proximus,
498 650 528 702 et
549 643 661 718 magnis
682 641 749 702 loca
772 640 905 700 desolata
924 648 1049 699 tuentur
1274 649 1309 705 lbi

308 727 455 806 Regibus,
477 725 554 788 baud
574 725 644 785 laeti
665 743 758 804 seque
771 725 836 791 ,buc
858 726 990 784 crevisse
1011 723 1179 786 dolentes.

307 814 374 875 Nou
393 829 481 872 secus
502 811 609 871 amisso
630 810 755 870 medium
773 828 860 889 quum
881 808 1020 888 praeside
1046 813 1169 891 puppis

308 899 409 976 Fregit
429 898 500 972 iter,
522 895 600 955 subit
621 895 657 957 ad
677 895 756 955 vidui
776 894 973 954 moderamina
995 892 1082 954 olavi

308 984 368 1045 Aut
388 983 510 1042 laterum
533 988 649 1056 custos,
672 988 723 1039 aut
742 997 829 1059 quem
849 996 942 1058 penes
962 977 1057 1039 obvia
1081 991 1185 1059 ponto

307 1070 399 1130 Proru
420 1066 486 1126 luit:
512 1073 611 1144 stupet
627 1067 694 1144 ipsa
714 1066 802 1140 ratis,
825 1063 967 1141 tardeque
990 1075 1172 1142 sequnntur
1273 1077 1306 1132 185

308 1154 413 1228 Arna,
435 1168 491 1210 nec
513 1149 629 1209 accedit
648 1149 765 1210 domino
787 1149 877 1209 tutela
898 1149 1010 1207 minori.

308 1237 389 1316 Ergo
412 1236 511 1296 alacer
529 1233 660 1312 trepidos
682 1234 726 1293 sic
746 1233 834 1310 erigit
854 1250 945 1310 augur
966 1231 1129 1294 Achivos:

373 1319 495 1397 ‘blegne
515 1318 600 1378 deum
619 1318 766 1392 mundata,
789 1319 896 1393 duces,
918 1317 1112 1396 monitusque
1136 1321 1281 1383 verendos

308 1405 504 1469 Advebimus:
529 1420 586 1462 non
607 1402 664 1463 bac
687 1411 789 1462 nostro
811 1403 847 1463 de
870 1410 993 1481 pectore
1011 1419 1127 1463 voces.

309 1492 363 1553 llle
385 1491 477 1564 canit,
499 1489 545 1549 cui
566 1507 612 1548 mc
633 1487 764 1548 famulari
783 1496 813 1547 et
835 1504 950 1546 sumere
971 1486 1063 1545 vittas
1272 1502 1307 1556 lit

308 1576 415 1636 Vestra
436 1574 524 1649 fides,
547 1574 613 1652 ipso
633 1589 693 1632 non
712 1571 913 1646 discordante,
935 1569 1067 1647 subegit.

308 1661 376 1723 Nox
395 1658 539 1720 foecunda
561 1674 682 1736 operum
702 1657 903 1735 pulchraeque
926 1656 1126 1719 accommoda
1148 1660 1249 1724 fraudi

308 1744 445 1808 Panditur
465 1743 587 1819 augurio
609 1741 718 1809 divum;
743 1748 832 1801 vocat
850 1740 936 1800 obvia
956 1741 1062 1816 virtus,

310 1830 348 1891 Et
368 1828 465 1907 posuit
485 1827 600 1886 lorturm
620 1843 737 1901 manns,
761 1835 860 1904 stupet
880 1825 982 1885 obruta
1002 1841 1114 1886 somno

311 1914 453 1976 Aonidum
473 1911 564 1990 legio.
605 1909 732 1988 Tempus
755 1929 831 1971 nnnc
851 1909 953 1970 lunera
974 1926 1083 1985 regum
1274 1924 1308 1980 195

310 1999 420 2060 Ulcisci
440 1998 634 2076 miserumque
656 1995 747 2055 diem:
774 1997 868 2074 rapite
890 2011 968 2055 arma
987 2011 1160 2074 moresque

311 2083 448 2160 Frangite
470 2090 633 2160 portarum,
657 2080 746 2140 sociis
767 2080 825 2140 boc
846 2078 973 2140 subdere
995 2076 1148 2158 flammas,

311 2168 376 2229 lloc
399 2166 537 2227 tumulare
557 2183 637 2226 suos.
677 2164 821 2242 Equidem
840 2164 899 2224 boc
919 2172 949 2224 et
969 2162 1064 2224 blarte
1088 2165 1207 2228 diurno

312 2253 387 2315 Dum
408 2269 457 2312 res
479 2251 620 2312 infractae
640 2250 776 2329 pulsique
798 2251 827 2309 in
846 2259 930 2326 terga
950 2247 1092 2324 redimus,
1117 2284 1168 2297 -

313 2338 370 2399 Per
390 2336 520 2415 tripodas
541 2337 603 2395 iuro
626 2343 657 2394 et
677 2336 752 2413 rapti
775 2351 852 2395 noua
873 2334 932 2394 iata
951 2332 1102 2410 magistri,
1129 2369 1180 2384 -
1276 2348 1310 2405 m

313 2422 396 2498 Vidi,
419 2429 449 2481 et
469 2438 515 2479 me
534 2420 674 2480 volucres
695 2421 805 2479 circum
823 2418 961 2498 plausere
981 2417 1151 2480 secundae.

315 2505 375 2569 Sed
396 2523 472 2564 nunc
490 2513 570 2564 certa
589 2503 677 2572 lides;
700 2504 787 2564 ruodo
806 2522 851 2563 me
870 2502 1030 2563 subnecte
1049 2502 1161 2567 silenti

314 2590 399 2670 lpse,
422 2591 487 2668 ipse
510 2605 667 2664 assurgens
688 2588 791 2648 iterum
810 2587 916 2650 tellure
937 2587 1032 2648 soluta

316 2674 417 2760 Qpalis
440 2682 519 2749 erat,
542 2673 624 2732 solos
645 2672 788 2733 iniecerat
807 2672 907 2733 umbra
927 2672 1054 2750 iugales,

315 2758 506 2838 Amphiaraus
528 2757 600 2826 adit;
628 2775 686 2818 non
706 2776 800 2818 uanae
819 2766 947 2818 monstra
967 2759 1088 2838 quictis,
1278 2777 1313 2831 ‚a

315 2844 380 2905 Neo
400 2860 502 2903 somno
524 2851 673 2921 conperta
694 2843 809 2921 loquor.
851 2842 947 2918 Tune,
968 2843 1079 2921 inquit,
1103 2847 1230 2913 inertes

315 2928 466 2989 lnacbidas
486 2963 528 2972 —-
550 2927 641 2988 redde
663 2928 737 2989 haec
757 2927 909 2988 Parnassia
930 2935 1008 2988 serta
1025 2945 1188 3012 meosque

316 3013 419 3073 Redde
440 3013 529 3089 deos,
552 3046 594 3057 -
614 3021 720 3073 tantam
739 3013 852 3090 patiere
872 3013 1004 3072 amittere
1022 3024 1167 3098 noctem,

316 3095 477 3175 Degener?
498 3097 572 3158 baec
594 3105 711 3174 egomet
732 3096 809 3158 coeli
830 3104 946 3157 secreta
965 3113 1125 3177 vagosque

317 3181 429 3242 Edooui
450 3179 571 3262 lapsus?
592 3182 666 3242 rade
688 3183 751 3257 eia,
772 3181 919 3242 ulciscere
940 3181 1020 3241 ferro
1115 3236 1118 3240 .
1279 3202 1315 3257 ηρ

318 3266 380 3326 Nos
401 3267 518 3334 saltem;
542 3266 630 3343 dixit,
652 3284 757 3345 meque
777 3265 853 3326 baec
874 3265 910 3327 ad
930 3265 1026 3327 limina
1045 3267 1135 3331 visus

320 3350 449 3430 Cuspide
470 3350 583 3412 sublata
603 3359 724 3431 totoque
745 3352 891 3429 inpellere
912 3369 1007 3411 curru.

320 3435 417 3510 Quare
438 3436 534 3514 agite,
549 3437 690 3498 utendum
711 3436 841 3518 superis,
863 3453 921 3495 uon
942 3434 1074 3496 cominus
1096 3438 1216 3506 hostes

321 3521 489 3595 Stemendi‚
511 3520 620 3581 bellum
638 3523 731 3599 iacet,
757 3528 788 3581 et
806 3523 921 3581 saevire
943 3529 1088 3599 potestas.

320 3603 414 3684 Ecqui
435 3603 578 3666 aderunt?
600 3624 673 3685 quos
691 3607 802 3684 ingenti
821 3624 855 3666 se
876 3605 1010 3666 attollere
1031 3604 1112 3671 larua
1279 3624 1317 3679 215

320 3687 387 3748 Non
408 3692 524 3770 pigeat,
546 3689 612 3750 dum
630 3690 688 3752 iata
708 3688 825 3751 sinunt?
845 3691 949 3751 iterum
969 3707 1044 3751 ecce
1066 3690 1232 3774 benignae

311 3771 419 3840 Noctis
439 3795 529 3850 areu
552 3794 683 3862 sequor,
706 3785 739 3839 et
758 3775 988 3839 comitnmlieet
1001 3776 1126 3847 agnina
1141 3796 1284 3862 oensem
