3134 4434
314 446 373 512 148
644 461 676 509 a.
698 460 833 508 unsrun
857 458 974 508 sunan

312 619 451 696 Agmina,
474 634 548 697 quos
568 615 646 677 llido
668 627 698 677 et
721 634 795 696 quos
815 616 928 677 humida
951 616 1085 693 suggerit
1105 616 1216 695 Arne,

312 702 417 763 Aulida
439 704 487 781 qui
507 702 687 781 Graeanque
709 711 808 761 serunt
827 701 994 779 viridesque
1016 701 1180 780 Plataeas,

292 848 294 853 .
311 788 351 849 Et
371 786 454 846 sulco
477 787 606 846 Peteona
628 787 743 847 domant
760 786 940 865 refluumque
963 795 1059 846 meatu

309 872 468 950 Euripum,
490 890 546 951 qua
564 881 666 931 noster
687 871 762 947 abit,
783 880 874 950 teque
896 870 995 930 ultima
1017 879 1115 931 tractu

290 1035 292 1041 Ι
312 956 485 1033 Anthedon,
512 956 561 1016 ubi
580 958 729 1034 gramineo
752 956 790 1016 de
810 954 896 1016 litore
915 953 1040 1015 Glaucus
1276 970 1325 1026 335

311 1043 473 1104 Pascentes
490 1044 597 1120 inrupit
618 1059 723 1120 aquas,
745 1043 802 1100 iam
826 1043 905 1101 crine
926 1041 1069 1118 genisque

313 1126 473 1203 Caerulus,
497 1135 527 1186 et
545 1129 651 1186 mixtos
672 1127 791 1204 expavit
812 1124 848 1185 ab
867 1126 983 1202 inguine
1005 1127 1117 1203 pisces.

293 1210 471 1273 ·Clandibus
491 1219 520 1270 et
541 1218 616 1271 torta
638 1210 792 1289 Zephyros
814 1211 942 1271 incidere
964 1209 1051 1270 funda

315 1295 407 1367 Cura;
430 1293 585 1371 Cydoneas
608 1295 756 1355 anteibunt
778 1313 851 1372 gesa
873 1295 1003 1372 sagittas.

287 1381 357 1459 ,Tu
379 1397 436 1460 quo
460 1399 495 1440 ue
538 1379 699 1461 maclarum
721 1380 831 1457 forma,
854 1378 1017 1458 Cephisse,
1039 1378 1182 1441 dedisses
1276 1393 1327 1448 310

286 1531 625 1825 {winemarum
644 1549 748 1635 tarsu
766 1533 1125 1640 herciscundae

313 1622 459 1709 &stibi
480 1633 651 1695 Phoebaeas
675 1630 755 1694 acies
776 1630 967 1712 beteremque
990 1620 1127 1693 're'uolvat

311 1715 461 1781 Phocida?
484 1720 533 1798 qui
557 1718 710 1797 Panopen,
731 1721 779 1797 qui
797 1718 939 1794 Daulida,
963 1720 1010 1797 qui
1034 1716 1239 1802 Cyparisson,

293 1832 300 1895 p
311 1804 351 1865 Et
372 1803 485 1880 valles,
507 1802 659 1879 lebadea,
682 1813 746 1863 tuas
769 1812 799 1863 et
819 1802 993 1882 Hyampolin
1014 1804 1074 1863 acri
1274 1818 1326 1873 345

293 1888 470 1950 lSnbnixam
492 1887 631 1966 scopulo,
657 1888 707 1948 vel
727 1889 776 1966 qui
795 1889 959 1948 Parnasson
981 1897 1135 1966 utrumque

312 1974 372 2034 Aut
389 1970 530 2048 Cyrrham
550 1974 640 2033 tauris
663 1972 906 2052 Anemorianque
929 1975 1061 2051 supinant

313 2056 527 2137 Coryciumque
545 2076 663 2135 nemus,
687 2058 962 2137 propellentemque
984 2056 1112 2118 Lilaeam

314 2141 450 2222 Cephissi
471 2143 599 2220 glaciale
622 2152 726 2222 caput,
750 2159 808 2222 qno
831 2151 930 2202 suetus
952 2142 1084 2203 anhelam

311 2227 404 2289 Perre
425 2229 501 2288 sitim
522 2228 634 2304 Python
653 2245 823 2307 amnemque
845 2236 980 2288 avertere
1001 2223 1114 2307 ponto?
1275 2242 1327 2297 350

282 2293 290 2398 ξ
314 2312 452 2373 Omnibus
475 2315 608 2372 inmixtas
627 2329 702 2372 cono
725 2330 815 2391 super
836 2312 955 2390 adspice
978 2312 1076 2372 lauros

283 2402 291 2477 l
312 2397 460 2476 Armaque
479 2397 530 2457 vel
552 2397 656 2472 Tityon
676 2397 725 2457 vel
747 2396 845 2456 Delon
866 2397 1018 2472 habentia,
1040 2397 1090 2456 vel
1112 2415 1189 2476 quas

312 2482 368 2542 ldie
389 2481 461 2541 deus
485 2482 632 2542 innumera
654 2482 762 2541 laxavit
787 2482 879 2553 caede
901 2482 1062 2561 pharetras.

283 2567 289 2625 l
312 2566 423 2645 Iphitus
444 2583 515 2624 acer
536 2568 614 2643 agit,
641 2567 757 2643 genitor
776 2567 821 2626 cui
841 2585 935 2645 nuper
956 2566 1107 2644 ademptus

279 2629 287 2712 i
312 2649 464 2711 Naubolus
481 2649 673 2729 Hippasides,
695 2660 777 2727 tuus,
801 2668 818 2710 o
841 2652 988 2711 mitissime
1006 2650 1072 2726 hai,
1272 2666 1325 2721 ³55

312 2734 447 2814 llospes;
468 2734 562 2795 adhuc
584 2754 684 2795 currus
707 2754 871 2815 securaque
893 2735 956 2796 lora
977 2735 1112 2811 tenebat,

314 2819 408 2894 Quum
426 2829 474 2880 tua
498 2820 600 2880 subter
621 2838 715 2900 equos
736 2822 824 2880 iacuit
847 2821 985 2881 convulsa
1009 2821 1136 2880 cruentis

313 2904 438 2981 lctibus,
463 2923 480 2965 o
503 2907 609 2966 utinam
630 2915 731 2973 nostro
753 2924 817 2965 cum
841 2907 998 2983 sanguiue,
1020 2903 1156 2964 cervixl'

377 2988 507 3051 Dicentis
525 2991 663 3052 maduere
685 3009 798 3069 genae,
817 2990 985 3069 vultumque
1006 3007 1060 3068 per
1082 3006 1199 3051 omnem

313 3073 412 3134 Pallor
433 3077 481 3152 iit,
504 3077 645 3155 vocisque
666 3094 775 3154 repens
797 3075 940 3152 singultus
959 3084 1089 3153 apertum
1271 3089 1325 3146 360

313 3158 473 3238 Intercepit
490 3163 560 3228 item
585 3159 703 3220 refovet
719 3161 853 3238 frigentis
875 3162 996 3219 amicum

315 3242 421 3303 Pectus
443 3244 555 3305 alumna
576 3245 671 3314 senis;
692 3245 768 3306 redit
789 3255 876 3324 atqua
895 3244 973 3304 exile
992 3243 1138 3323 prolator:

376 3327 419 3387 ‘0
441 3329 509 3390 mihi
529 3328 685 3390 sollicitum
707 3330 798 3390 decus
820 3348 856 3390 ac
876 3347 1010 3408 suprema
1031 3328 1188 3407 voluptas,

315 3412 478 3490 Antigone!
504 3432 587 3474 seras
605 3414 657 3474 tibi
679 3415 816 3475 demoror
835 3414 976 3493 inprobus
998 3412 1130 3490 umbras,

315 3496 389 3558 Fors
411 3498 514 3559 eadem
535 3499 651 3559 scelera
673 3483 707 3559 ef
724 3499 833 3559 caedes
856 3500 970 3559 visurus
991 3500 1093 3558 avitas.
1271 3515 1325 3570 355

214 3640 217 3662 ς
315 3581 420 3643 Donec
441 3593 470 3643 te
491 3582 623 3644 thalamis
644 3583 771 3644 habilem
790 3585 990 3664 integramque
1010 3585 1175 3662 resignem,

215 3676 238 3718 .’
315 3667 380 3728 Hoc
398 3669 486 3744 satis,
510 3678 540 3728 et
561 3669 670 3728 fessum
690 3670 749 3730 vita
771 3669 919 3746 dimittite,
941 3669 1061 3729 Parcae.

271 3753 373 3817 ssv-‚Sed
391 3753 459 3818 dum
479 3753 568 3820 labor
589 3755 690 3837 iners,
713 3756 815 3837 quanti
829 3772 909 3815 nuuc
930 3770 1006 3813 ecee
1023 3753 1125 3810 renisu
