3134 4434
599 469 800 521 THEBAIDOS
822 471 893 519 LIB.
919 470 957 519 11.

278 625 443 706 Explorate
466 621 569 687 aditus.
611 625 715 688 Audax
736 644 771 687 eu
793 644 911 688 munere
932 624 1049 701 Tydeus

280 713 391 790 Sponte
413 710 507 787 subit,
531 729 587 772 nee
608 729 666 771 non
687 719 717 771 et
736 721 786 786 te,
809 711 968 773 fortissime
988 713 1084 788 gentis

279 797 429 872 Aetolum,
453 796 568 857 muitum
590 795 717 857 lacrimis
735 805 840 857 conata
861 797 967 857 moreni

279 879 421 960 Deipyle,
445 881 497 940 sed
518 882 597 942 iussa
616 882 706 960 patris
726 883 838 960 tutique
858 899 1013 959 regressus

278 965 388 1043 Legato
410 967 562 1044 iustaeque
584 983 691 1045 preoes
705 967 807 1026 viuere
830 968 950 1027 sororis.

297 1113 302 1119 ,
341 1049 459 1128 lamque
478 1068 613 1110 emensus
633 1052 689 1111 iter
707 1051 790 1110 silvis
813 1069 848 1112 ao
867 1051 953 1112 litore
975 1050 1086 1125 durum,
1224 1054 1275 1111 375

280 1133 342 1208 Qua
363 1134 475 1196 bernes
496 1135 580 1213 psius
601 1134 789 1214 ambustaque
810 1134 941 1196 sontibus
960 1135 1019 1197 uite

279 1220 392 1298 lutepet
414 1219 505 1295 hydra
524 1219 623 1296 sedis,
643 1228 673 1280 et
694 1237 751 1298 qua
771 1222 822 1280 vix
842 1221 967 1281 carmine
986 1235 1053 1280 raro

278 1303 376 1381 Longo
397 1313 481 1364 sonat
503 1303 616 1365 Nemes
637 1305 762 1365 nondum
780 1305 947 1384 pastoribus
971 1304 1060 1378 ausis,

280 1387 342 1461 Qus
364 1388 439 1449 latus
460 1387 542 1448 Eoos
563 1387 700 1468 Ephyres
720 1390 800 1468 quod
820 1391 916 1468 vergit
936 1390 973 1450 ed
995 1387 1102 1462 Euros,

279 1472 473 1552 Sisypheique
491 1472 595 1534 sedent
615 1482 731 1552 portus;
752 1476 884 1553 irataque
904 1483 1002 1535 terroe
1223 1480 1275 1536 380

279 1555 374 1618 Curta
395 1557 579 1618 Palaemonio
601 1558 761 1619 secluditur
784 1558 859 1620 undu
876 1558 1022 1620 Leebueo.

277 1643 351 1703 Hine
370 1636 591 1721 praesidemus
612 1642 730 1719 Nisum,
755 1653 784 1704 et
806 1653 856 1721 te,
879 1644 955 1704 mitis
976 1642 1108 1717 Eleusin,

277 1727 389 1788 Laeuus
412 1726 514 1804 babet,
536 1728 651 1807 iamque
671 1746 741 1788 srva
761 1728 854 1805 gradu
875 1728 1049 1789 Theumesio
1072 1737 1102 1788 et
1119 1745 1205 1789 eroes

278 1811 367 1874 intrat
381 1810 569 1889 Agenoreum
588 1813 627 1873 ibi
649 1814 751 1874 durum
772 1813 917 1874 Eteoclea
939 1815 1036 1875 cernit,

278 1895 434 1957 Sublimem
455 1897 531 1958 solio
551 1906 725 1978 septumque
746 1896 932 1961 horrentibus
952 1897 1049 1959 armis.
1222 1904 1274 1961 385

277 1980 343 2043 lura
364 1980 444 2041 ierus
464 1982 576 2060 populo
595 1991 674 2043 treus
693 1983 792 2061 legem
810 2001 845 2046 so
867 1993 999 2062 tempore
1020 1984 1104 2060 regni

278 2067 337 2127 lam
355 2066 449 2126 tranis
472 2065 508 2126 de
528 2076 611 2146 parte
632 2066 732 2137 dabam
754 2069 840 2129 sedet
861 2085 945 2129 omne
964 2076 1081 2146 perotus

277 2150 310 2210 In
331 2151 441 2211 iaeinus
463 2151 651 2230 queriturque
673 2151 759 2214 iidem
775 2161 833 2213 tam
854 2169 924 2214 sero
944 2151 1073 2230 reposci.

342 2233 475 2295 Constitit
496 2237 525 2294 in
544 2235 665 2312 mediis,
687 2254 785 2299 ramus
804 2236 969 2298 manifestat
990 2235 1087 2297 olivae

277 2319 429 2398 Legatum,
453 2338 615 2399 oeususque
636 2321 702 2383 vioe
726 2339 891 2402 nomenque
911 2329 1032 2398 rogetus

276 2404 386 2475 Edidit;
411 2413 500 2484 utque
520 2404 600 2465 rudis
620 2405 699 2469 iendi
720 2424 887 2487 pronusque
911 2406 1002 2466 calori

279 2491 401 2569 Semper
423 2498 500 2567 erat,
525 2491 607 2550 iustis
625 2492 751 2553 miscens
772 2501 870 2554 temen
887 2508 994 2571 aspera
1015 2490 1129 2570 eoepit:

270 2575 329 2635 *Si
348 2575 398 2635 tibi
420 2575 506 2655 plens
527 2575 600 2637 fides
621 2585 652 2637 et
673 2575 741 2638 dieti
760 2595 830 2638 euro
851 2584 982 2638 maneret

277 2660 435 2736 Foederis,
457 2659 492 2721 sd
513 2659 631 2723 fratrem
653 2662 800 2742 completo
822 2662 924 2723 iustius
947 2678 1022 2722 enno

276 2744 404 2822 Legatos
424 2744 491 2806 bine
512 2746 555 2806 ire
576 2746 644 2822 iuit,
668 2756 756 2826 teque
778 2745 880 2811 ordine
902 2755 985 2807 eerto

276 2829 431 2889 Fortunam
452 2845 561 2889 exuere
581 2839 611 2890 et
632 2830 739 2892 laetum
760 2831 943 2893 descendere
967 2845 1071 2907 reguo,

277 2913 317 2973 Ut
339 2929 431 2989 vagus
452 2911 503 2972 ilie
523 2912 571 2972 diu
588 2931 750 2993 passusque
768 2915 844 2976 buud
866 2916 952 2993 digne
975 2932 1030 2993 per
1050 2912 1140 2973 urbes

277 2995 397 3075 ignotas
416 3005 521 3074 pactae
542 2996 657 3059 tandem
673 2999 850 3061 succederet
871 2999 966 3061 auiae.

277 3081 338 3144 Sed
358 3081 423 3160 quis
444 3080 537 3141 dulcis
555 3098 636 3143 emor
655 3084 740 3160 regni
752 3080 947 3163 blandumque
966 3089 1108 3163 potestus,

276 3166 432 3244 Posoeris,
450 3165 613 3227 astriferum
634 3166 724 3227 velox
744 3167 800 3229 iam
823 3166 1074 3229 circulus-orbem

278 3251 391 3327 Torsit,
413 3260 443 3312 et
463 3251 586 3312 amissae
606 3250 755 3314 redierunt
773 3252 917 3315 montibus
935 3251 1065 3328 umbrae,

276 3335 324 3396 Ex
346 3354 403 3414 quo
423 3336 515 3397 irater
535 3337 620 3416 inops
640 3338 739 3415 ignoto
759 3355 814 3418 per
835 3338 944 3418 oppidu
964 3338 1064 3401 tristes

276 3420 354 3481 Exul
374 3421 432 3499 agit
455 3438 556 3499 rasus,
581 3431 610 3483 et
630 3423 734 3484 teiam
755 3431 869 3502 tempus
889 3432 995 3504 operto

277 3504 337 3566 Sub
358 3505 429 3566 iove
450 3505 530 3567 ierne
549 3507 611 3569 dies
631 3517 805 3588 terrenoque
827 3508 938 3586 frigora
959 3507 1095 3571 membris

276 3590 394 3652 Ducere
416 3599 445 3651 et
469 3599 608 3653 externos
629 3591 805 3655 submissum
821 3593 931 3655 ambire
952 3601 1085 3674 penates.

275 3675 354 3737 Pone
377 3676 491 3737 modum
512 3676 611 3747 loetis;
632 3678 703 3739 satis
724 3695 795 3739 suro
818 3678 901 3741 diues
921 3687 952 3741 et
971 3687 1052 3740 ostro

275 3759 458 3842 Conspicuus
478 3769 594 3824 tenuem
618 3764 749 3843 germem
769 3764 912 3847 pauperis
930 3781 1042 3826 dunum
