3134 4434
288 568 364 627 ‘lloc
380 564 499 642 saltem,
518 579 536 624 o
552 579 710 644 proceres,
731 572 821 644 tuque
841 583 876 643 o,
898 566 944 626 cni
963 564 1098 647 pignore
1120 583 1229 636 nostro
1252 583 1296 639 lto

286 652 389 712 Partus
407 648 518 727 honos,
540 648 694 728 prohibete
712 649 814 727 netas,
836 650 949 711 auferte
971 660 1128 733 supremis

286 735 410 796 luvisam
431 734 573 813 exequiis.
619 733 694 808 Quid
715 752 748 794 se
770 733 884 807 funesta
905 738 1020 815 parenti

286 818 391 880 Miscet
412 827 442 879 et
463 819 492 880 in
512 820 619 879 nostris
641 827 790 899 spectatur
812 828 841 881 et
863 820 1058 899 ipsaruiuis?

288 901 343 964 Cui
364 905 445 981 luget
467 903 620 983 complexa
642 900 747 963 suosl'
776 905 826 965 Sic
846 903 904 965 fata
924 916 1050 986 repente

288 986 437 1065 Concidit,
459 987 645 1068 abruptisque
670 987 881 1049 obmutuitore
902 991 1043 1070 querelis.
1247 1004 1293 1061 185

347 1072 412 1133 Non
433 1091 518 1133 secus
537 1091 573 1134 ac
594 1073 685 1152 primo
707 1072 866 1134 fraudatum
884 1073 960 1135 lacte
981 1072 1164 1156 iuvencum,

288 1155 341 1218 Cui
363 1157 493 1238 trepidae
514 1157 593 1218 vires
614 1165 643 1219 et
665 1157 747 1217 solus
769 1157 805 1219 ab
827 1156 918 1219 ubere
940 1163 1079 1240 sanguis,

287 1246 346 1303 Seu
369 1243 450 1317 iera,
476 1260 528 1303 seu
550 1241 637 1303 duras
658 1243 755 1304 auexit
778 1251 880 1322 pastor
898 1242 935 1304 ad
957 1261 1037 1315 aras;

285 1326 369 1388 Nunc
390 1326 496 1387 vallem
515 1327 639 1407 spoliata
661 1344 783 1406 parens,
806 1344 881 1387 nunc
898 1327 1012 1391 dominc
1031 1338 1163 1410 questu,

285 1410 369 1472 Nunc
392 1420 518 1472 armenta
538 1420 637 1471 movet
657 1428 826 1491 vacuosque
845 1413 1006 1490 interrogat
1025 1431 1138 1492 agros;
1241 1426 1290 1483 19⁰

286 1494 367 1556 Tunc
389 1496 471 1575 piget
492 1496 534 1555 ire
556 1496 687 1573 domum,
707 1506 880 1576 moestoque
901 1498 1058 1561 novissima
1081 1517 1194 1582 campo

285 1578 356 1642 Exit
378 1588 408 1640 et
429 1581 579 1659 oppositas
600 1582 712 1660 inpasta
732 1582 872 1641 avertitur
893 1580 1010 1643 herbas.
1350 1526 1356 1667 l

199 1701 201 1750 ;
246 1702 253 1723 2
349 1664 388 1724 llt
409 1666 524 1749 genitor
546 1667 714 1745 sceptrique
734 1664 825 1726 decus
845 1666 998 1746 cultusque
1020 1666 1167 1732 Tonantis

285 1748 368 1809 Inicit
387 1750 452 1827 ipse
474 1750 573 1828 rogis,
599 1758 742 1829 tergoque
763 1759 793 1810 et
815 1761 937 1830 pectore
958 1751 1050 1813 fusam

287 1832 454 1913 Caesarisne
478 1833 557 1897 ferro
579 1834 679 1897 minuit
699 1836 847 1914 sectisque
869 1837 990 1897 iacentis

287 1912 414 1978 Obnubit
435 1918 531 1979 tenuia
549 1935 601 1979 ora
624 1920 730 1996 comis,
753 1937 788 1979 ac
806 1920 875 1982 talia
893 1918 963 1981 detu

284 2001 384 2063 Verba
406 2003 454 2081 pio
474 2003 613 2065 miscens:
637 2003 718 2064 ‘Alio
739 2003 809 2081 tibi,
828 2004 959 2090 mitade,
981 2015 1086 2086 pacto,

284 2086 430 2173 luppiter,
454 2087 529 2149 huuc
549 2089 656 2149 crinem
676 2089 737 2149 voti
758 2106 826 2149 reus
848 2098 913 2150 aute
933 2088 1075 2168 dicarant,
1351 2058 1363 2241 p

284 2160 317 2234 Si
338 2166 446 2252 pariter
466 2173 574 2234 virides
591 2174 648 2234 nati
668 2172 761 2234 libare
783 2173 918 2235 dedisses
1356 2250 1359 2257 Ι

283 2256 331 2317 Ad
352 2266 399 2317 tua
422 2258 528 2337 templa
548 2276 659 2337 genas,
682 2258 736 2319 sed
757 2276 816 2318 non
836 2266 915 2319 ratus
936 2275 987 2319 ore
1008 2258 1170 2339 sacerdos,
1232 2274 1286 2328 nno
1355 2260 1360 2315 t

283 2341 501 2421 Damnataeque
518 2361 642 2422 preces:
663 2342 738 2407 ierat
753 2342 843 2419 haec,
867 2360 941 2422 quae
959 2343 1074 2422 dignior
1091 2345 1198 2411 umbre
1213 2352 1284 2410 est’

346 2424 405 2485 lam
424 2425 489 2486 iace
513 2421 642 2487 subiecta
663 2424 762 2506 primis
785 2428 814 2490 in
834 2426 984 2489 frondibus
1005 2429 1081 2507 ignis
1117 2454 1160 2515 p(

283 2507 452 2569 Exclamat:
474 2509 558 2570 labor
580 2512 697 2571 insanos
719 2527 822 2571 arcere
843 2522 990 2592 parentes.
1055 2514 1058 2521 '

285 2595 368 2654 Stant
390 2593 459 2653 iussi
480 2593 587 2671 Danai,
610 2603 696 2673 atque
716 2594 843 2656 obtentis
866 2600 974 2659 eminus
996 2599 1083 2659 armis

282 2676 445 2757 Prospectu
465 2679 545 2739 uisus
566 2679 758 2740 interclusere
782 2680 907 2742 nefasto.
1229 2694 1283 2751 205
1359 2734 1362 2759 ,

281 2760 414 2823 Ditantur
435 2762 581 2826 dammae:
608 2781 666 2824 uon
687 2781 821 2844 umquam
842 2765 1008 2846 opulentior
1028 2764 1090 2827 illic

282 2846 358 2908 Ante
380 2849 470 2926 cinis,
493 2849 636 2929 crepitant
654 2867 803 2929 gemmae,
824 2859 912 2931 atque
934 2851 1048 2912 inmane
1069 2851 1211 2931 liquescit

280 2931 458 3011 Argentum,
481 2942 510 2994 et
532 2935 618 3013 pictis
636 2932 743 2997 exudat
762 2935 894 2996 uestibus
912 2936 1025 3005 auruum

280 3012 424 3078 Necnon
442 3017 572 3094 dssrrits
591 3018 913 3098 pinguescuntrobora
930 3019 1046 3097 succis,
1365 3066 1368 3089 .

281 3099 462 3181 Pallentique
483 3120 573 3165 croco
595 3100 867 3166 strident'ardentia
886 3104 989 3182 mella,
1228 3118 1282 3175 nto
1365 3106 1369 3123 '

282 3186 513 3266 spumantesque
531 3205 616 3272 mero
637 3198 758 3268 paterae
775 3190 935 3267 verguntur
956 3198 986 3249 et
1005 3188 1061 3250 atri
1367 3148 1369 3241 l

282 3270 434 3348 Sanguinis
456 3280 486 3331 et
505 3272 580 3351 rapti
600 3274 763 3351 gratissima
784 3273 897 3350 cymbia
915 3273 1009 3335 lactis.

345 3353 425 3416 Tunc
446 3365 559 3435 septem
580 3375 699 3420 numero
720 3367 827 3419 turmas
846 3358 890 3404 '—
910 3368 1048 3420 centenus
1067 3358 1179 3440 ubique

281 3438 374 3517 Urget
395 3458 488 3519 eques
509 3474 550 3485 -
571 3445 666 3503 versis
687 3441 793 3503 ducunt
812 3442 972 3521 insignibus
992 3443 1049 3524 ipsi
1075 3466 1078 3471 ·

281 3521 463 3602 Graiugenae
485 3543 589 3603 reges,
611 3526 791 3606 lustrantque
812 3546 851 3587 ex
869 3544 952 3588 cuore
974 3529 1090 3590 sinistro
1227 3540 1280 3597 215

281 3605 359 3669 Orbe
381 3626 483 3687 rogum
505 3619 534 3671 et
556 3619 665 3673 stantes
685 3612 822 3672 inclinant
841 3611 963 3691 pulvere
983 3613 1121 3677 dammas.

281 3690 340 3754 Ter
361 3711 466 3756 curuos
486 3712 576 3777 egere
593 3697 689 3779 sinus,
711 3694 854 3779 inlisaque
875 3695 942 3757 te'lis

289 394 346 458 118
615 409 646 456 n.
666 408 799 457 sermm
821 407 936 458 scaen
1338 306 1355 805 q

1351 1052 1356 1259 t

1350 1360 1356 1401 l
