3134 4434
545 512 550 525 .
658 478 866 529 rnnuramo.
1201 452 1265 530 iux

687 691 762 744 LIB.
782 691 838 743 111.

342 804 434 876 Epist.
450 802 529 859 Vrat.
541 806 691 876 expaveris
701 805 835 878 quotiens.
859 801 926 860 Sen.
935 803 1100 875 penetralia.
1122 803 1184 858 Par.
1202 803 1259 859 Νο-

256 891 331 948 mam
351 889 484 944 Celerem.
511 888 590 943 Vrat
608 890 699 944 Pann.
718 895 859 962 poteram.
889 885 957 946 Sen.
980 889 1166 943 rarissimam.
1196 888 1259 943 Par.

256 975 396 1042 Earinus,
407 971 613 1029 VratJerimua.
632 973 782 1031 Pauliana
793 973 997 1030 destinationem
1004 995 1013 1035 ,-
1035 974 1064 1027 in
1074 974 1166 1034 Parni,
1181 968 1261 1029 deest

258 1063 360 1130 etpost
371 1059 470 1130 quietio
478 1072 571 1126 meae,
588 1059 616 1113 in
629 1059 707 1113 Vrat.
721 1057 836 1114 dubium
848 1066 899 1114 est.

345 1140 437 1198 Canu.
450 1141 471 1198 Ι.
488 1148 514 1200 5.
539 1143 602 1199 Par.
614 1145 703 1215 prolis
714 1142 822 1198 omisso
832 1157 902 1215 que,
917 1143 997 1197 Vrat.
1007 1143 1165 1214 praiiaqae,
1177 1142 1259 1198 Leid.

256 1227 415 1299 proraque.
443 1228 469 1286 7.
482 1227 561 1282 Vrat.
579 1227 780 1295 conscendam,
799 1233 843 1286 11.
858 1225 942 1298 felia.
972 1230 1016 1286 16.
1035 1227 1099 1282 Par.
1111 1225 1193 1281 Rom.
1208 1226 1258 1282 cla-

258 1311 459 1380 aaoa‚1>ar1n.
472 1309 574 1379 dicabit,
590 1313 666 1367 Vrat.
685 1312 794 1380 ditarit,
813 1311 858 1367 cui
876 1312 988 1366 lectioni
1007 1309 1038 1365 id
1055 1312 1163 1375 subest,
1185 1311 1262 1382 quod

258 1397 315 1451 iam
334 1395 402 1456 Ant,
419 1395 556 1450 Amitern.
579 1413 595 1450 e
615 1395 715 1452 codice
734 1396 846 1466 antiquo
865 1394 947 1450 affert
964 1395 1059 1450 ditarit
1073 1397 1091 1449 i.
1112 1411 1138 1450 e.
1157 1411 1259 1473 ornare

259 1479 399 1535 ditissimo
412 1480 534 1551 templo,
550 1479 591 1534 cs.
603 1478 702 1536 Claud.
721 1480 830 1536 consul.
845 1479 920 1534 Mall.
938 1483 989 1538 29:
1008 1479 1119 1535 moenia
1135 1496 1207 1550 quac
1220 1480 1261 1535 la·

256 1565 350 1619 mulus
374 1562 516 1634 quondam
539 1563 639 1620 ditavit
660 1563 824 1636 Hydaspes.
871 1568 913 1622 18.
937 1563 1066 1634 quamvis
1087 1564 1155 1620 deas
1176 1563 1282 1636 affuit.

258 1647 392 1722 (Markl.)
409 1663 467 1703 non
488 1647 652 1720 displiceat,
669 1655 763 1704 tamen
779 1663 883 1719 sequor
901 1645 968 1703 Sen.
986 1648 1065 1703 Vrat.
1082 1648 1147 1703 Par.
1164 1648 1256 1704 Pann.

256 1732 355 1788 Rom.=
377 1733 476 1787 attulit.
494 1732 583 1788 Aroes
595 1729 688 1808 (Vrat.
706 1738 782 1788 artes
799 1733 937 1804 frequenti
963 1733 1073 1800 errore)
1097 1733 1170 1787 enim
1195 1738 1260 1787 sunt

256 1816 353 1888 templi
371 1817 476 1885 moles,
495 1833 566 1888 quas
587 1815 777 1890 apportandas
795 1832 853 1871 non
871 1816 924 1871 nisi
937 1815 1066 1873 Herculis
1082 1823 1159 1872 artus
1176 1817 1259 1872 susti-

257 1902 373 1956 nebant.
402 1900 465 1955 Nan
480 1905 584 1956 tantum
598 1901 643 1957 dei
655 1903 804 1970 auxilium,
822 1899 874 1956 sed
893 1902 986 1973 Ipsum
1005 1907 1148 1956 auctorem
1160 1898 1260 1956 funda·

256 1986 343 2040 menti
362 1985 485 2040 celebrat
503 1991 596 2057 poeta.
632 1991 678 2045 34.
691 1985 770 2042 Vrat.
785 1986 902 2053 inmitte,
924 1982 976 2040 sed
993 1985 1029 2039 cl.
1050 1984 1132 2040 Ovid.
1151 1985 1217 2040 Met.
1229 1990 1256 2052 8,

257 2073 303 2128 661
323 2069 452 2124 inmitem
470 2068 589 2129 hastam.
628 2075 671 2131 36.
689 2070 817 2143 plerique
830 2071 891 2125 libri
912 2069 1127 2142 lustratamqae,
1146 2068 1199 2125 sed
1211 2086 1257 2124 se-

258 2169 328 2225 quor
340 2148 409 2209 San.
422 2155 622 2228 instratumque
633 2160 660 2209 et
673 2155 840 2227 perentibus.
869 2157 911 2212 60.
925 2153 1028 2225 optime
1040 2153 1194 2209 ecbateidos
1205 2154 1255 2209 i.e.

256 2237 437 2304 Hecateidos,
454 2238 531 2309 quad
547 2239 717 2311 recepimus.
749 2244 792 2297 65.
812 2238 907 2292 inveni
925 2254 976 2309 pro
989 2253 1045 2291 aaa
1062 2236 1256 2308 boapeababe-

256 2321 317 2376 bam
331 2321 450 2377 coniect.
462 2321 540 2378 haud
551 2321 786 2378 contemnendam
797 2337 851 2378 non
862 2320 963 2393 hospes
974 2320 1094 2376 adibam.
1121 2325 1164 2381 69.
1176 2320 1256 2376 Vrat.

257 2405 324 2464 Seu.
336 2412 541 2482 oramineque,
554 2406 640 2462 iidem
652 2413 678 2462 et
693 2408 785 2463 Parm.
795 2407 936 2479 prorata,
948 2406 1011 2460 Par.
1022 2420 1182 2478 praoamaa.
1209 2411 1253 2465 89.

255 2489 337 2546 Vrat.
347 2491 411 2546 Par.
423 2493 510 2546 sacri.
537 2497 581 2552 90.
593 2492 683 2547 viram
694 2498 754 2547 erat
766 2491 939 2548 servandum
951 2506 1013 2545 curn
1027 2491 1107 2547 Vrat.
1118 2493 1192 2546 Par:
1209 2495 1256 2549 99.

255 2575 319 2630 libri
338 2573 499 2630 Dicarchei.
532 2582 592 2635 101.
611 2576 674 2630 Par.
692 2581 800 2632 tenera.
830 2581 890 2634 105.
908 2580 1013 2646 poster.
1033 2574 1109 2630 editt.
1128 2577 1254 2640 numina,

255 2660 318 2714 Par.
335 2657 415 2713 Leid.
434 2659 552 2728 lamina,
570 2658 648 2715 Vrat.
667 2659 775 2728 limina,
801 2660 877 2732 quod
900 2662 972 2716 bene
993 2661 1172 2732 coniungitur
1190 2659 1254 2714 cam

255 2742 328 2798 secie.
347 2747 409 2802 109.
422 2744 484 2799 libri
500 2744 614 2816 templo,
635 2749 695 2802 111.
711 2744 789 2800 Vrat.
801 2745 865 2799 Par.
877 2756 990 2799 eaesae.
1014 2749 1072 2803 116.
1085 2738 1254 2816 montemque

237 2860 240 2865 ,
255 2826 411 2900 legendum
423 2833 465 2883 est
479 2845 543 2883 cum
560 2826 641 2897 Ala,
656 2829 743 2902 vulgo
761 2835 937 2899 menternqae.
968 2830 1028 2886 137.
1045 2831 1131 2884 victae
1146 2830 1175 2882 in
1187 2827 1254 2883 Seu.

254 2912 319 2967 Par.
331 2911 424 2968 Parm.
436 2912 517 2969 Rom.
532 2911 585 2967 sed
596 2913 689 2969 iuncta
700 2916 804 2984 templa
817 2919 881 2968 sunt
894 2912 969 2966 iuxta
980 2911 1082 2981 posita.
1111 2915 1169 2969 115.
1184 2908 1252 2967 Sen.

254 2987 420 3064 ommibus,
436 2997 500 3051 Par.
513 2998 603 3052 Parm.
615 2993 695 3052 Rom.
711 2995 873 3062 arentibus,
887 2995 967 3048 Vrat.
983 2994 1163 3052 humentibus.
1193 2999 1253 3056 148.

255 3079 334 3134 Vrat.
350 3079 423 3151 pler.
432 3081 539 3151 fixam
557 3081 619 3137 Par.
638 3082 746 3135 vietam.
773 3084 832 3139 149.
851 3095 888 3133 ex
904 3079 1005 3134 Markl.
1024 3080 1142 3138 coniect.
1160 3094 1252 3136 omen-

256 3179 325 3235 pae,
338 3163 420 3220 Vrat.
432 3166 507 3220 enim
517 3165 580 3220 limo
594 3178 747 3236 numenque
760 3165 776 3222 i.
786 3181 810 3219 e.
822 3165 904 3219 timon
918 3177 1058 3235 omenque,
1069 3164 1133 3220 Par.
1142 3180 1252 3222 numen.

255 3253 315 3307 157.
331 3246 437 3320 tabam
458 3249 531 3305 inest
548 3249 680 3304 inlibris.
711 3246 1169 3320 1609111.1111118191115101,
1188 3250 1250 3306 Par.

255 3333 439 3404 decimantur,
463 3337 522 3392 163.
538 3334 625 3388 laetas
635 3332 707 3392 libri.
738 3337 798 3392 183.
810 3332 888 3388 Vrat.
900 3333 964 3387 Par.
977 3334 1102 3405 satrapae.

342 3415 433 3475 Canu.
444 3419 476 3476 ll.
494 3414 742 3489 Aequiescendum
753 3423 797 3472 est
808 3416 836 3471 in
849 3417 925 3488 vulg.
937 3416 1056 3472 lectione
1068 3435 1096 3476 v.
1109 3423 1150 3482 6.‚
1167 3432 1250 3490 quam

209 3570 211 3575 Ι
227 3537 231 3545 -
252 3503 332 3558 Vrat.
344 3503 407 3576 Par.
420 3501 485 3560 hab.
497 3502 576 3558 clabio
587 3530 631 3541 ·—-
644 3503 708 3558 alto.
736 3505 761 3560 9.
775 3500 841 3558 Sen.
855 3501 994 3558 concidite.
1017 3508 1060 3560 15.
1077 3503 1155 3560 Vrat.
1169 3518 1251 3575 qaae.

251 3590 294 3646 19.
309 3587 414 3658 optime
429 3587 507 3642 Vrat.
519 3589 583 3642 Par.
604 3602 670 3658 qua.
719 3589 763 3644 30.
782 3587 960 3641 consentiunt
976 3587 1004 3641 in
1015 3602 1087 3642 voce
1100 3586 1253 3642 molorchos

250 3673 296 3726 vel
309 3670 468 3726 molaribus
484 3670 561 3741 libri,
580 3668 685 3745 (Parin.
697 3671 852 3739 molitorem⁵
863 3669 1108 3749 Senmolacras),
1123 3669 1175 3726 sed
1189 3686 1252 3725 cor·

248 3761 335 3826 rupta
354 3756 477 3811 videtur.
510 3757 564 3810 Pro
584 3769 671 3827 rupes
687 3754 765 3811 Vrat.
782 3757 905 3825 primos,
924 3754 962 3810 id.
987 3761 1043 3810 tres
1061 3756 1140 3823 Vnt,
1159 3754 1250 3812 Pa'rm.

1002 3852 1044 3910 b*
