3134 4434
592 487 792 537 THEBAIDOS
814 487 885 536 LIB.
903 489 934 535 V.

265 642 395 703 Cernere
420 652 497 719 erat,
521 644 684 722 iugulisque
702 644 789 704 modo
813 645 949 704 torrentis
970 647 1080 723 apertis
1108 713 1113 723 Ι

265 729 409 805 Sanguine
433 731 586 809 commixto
607 729 776 789 redeuntem
797 730 827 788 iu
848 729 954 807 pocula
975 728 1128 789 bacchum.

263 812 317 873 llic
339 814 470 872 iuuenum
490 830 589 873 manus
611 822 641 872 et
660 814 745 874 nullis
767 812 913 874 violabilis
935 815 1019 873 armis

264 896 360 957 Turba
382 915 486 972 senes,
511 897 656 976 positique
678 907 791 977 patrum
813 916 903 976 super
923 915 974 957 ora
995 906 1159 976 gementum

264 983 433 1042 Semineces
456 984 554 1060 pueri,
578 983 705 1058 trepidas
726 983 754 1042 iu
772 982 869 1042 limine
891 984 968 1042 vitae
1204 993 1256 1048 260

264 1066 427 1143 singultant
449 1068 565 1126 animas.
610 1065 712 1128 Gelida
733 1084 791 1126 uon
812 1069 928 1127 saevius
951 1064 1025 1126 Ossa

262 1150 419 1211 Luxuriant
439 1149 622 1230 Lapitharum
643 1151 766 1230 epulae,¹
785 1153 810 1210 si
831 1150 944 1230 quaudo
967 1149 1110 1230 profundo

263 1234 434 1312 Nubigenae
458 1235 575 1295 caluere
595 1253 692 1304 mero:
716 1238 766 1295 vix
789 1237 897 1315 primus
918 1235 953 1297 ab
977 1237 1019 1296 ira

262 1319 378 1395 Pallor,
399 1328 428 1379 et
447 1319 567 1398 inpulsis
589 1328 710 1397 surgunt
728 1320 764 1380 ad
786 1321 899 1399 proelia
920 1321 1037 1380 mensis.

327 1403 425 1463 ‘Tunc
445 1405 566 1482 primum
588 1423 655 1465 sese
672 1404 870 1484 trepidissub
891 1415 977 1465 nocte
996 1403 1151 1481 Thyoneus
1205 1411 1256 1467 265

263 1487 400 1565 Detexit,
422 1498 489 1548 nato
511 1498 630 1567 portans
654 1498 785 1550 extrema
805 1488 928 1561 Thoanti
1040 1529 1044 1538 -

263 1573 414 1650 Subsidia,
436 1582 465 1632 et
483 1572 571 1633 multa
593 1572 708 1635 subitus·
722 1592 787 1633 cum
812 1574 878 1634 luce
899 1573 1027 1649 refulsit,¹

262 1658 394 1735 Agnovi:
418 1674 475 1716 non
495 1657 546 1717 ille
569 1658 684 1738 quidem
706 1659 849 1736 turgentia
873 1660 958 1719 sertis
1015 1702 1018 1707 .

263 1742 427 1821 Tempora,
448 1760 503 1801 nec
524 1741 599 1803 dara
620 1744 728 1803 crinem
748 1744 917 1813 distinxerat
936 1761 1006 1818 uva,

260 1825 398 1904 Nubilus,
420 1827 623 1905 indiguumque
646 1826 937 1908 oculisliqueutibus
959 1825 1079 1911 imbrem
1204 1833 1257 1889 270

260 1911 442 1990 Alloquitur:
467 1910 552 1972 ‘Dum
573 1912 631 1972 lata
649 1911 754 1973 dabant
774 1912 842 1989 tibi,
865 1922 949 1989 nate,
973 1920 1122 1991 potentem

260 1995 404 2073 Lemnon,
427 2005 456 2057 et
478 1998 605 2057 externis
629 1997 712 2057 etiam
734 2015 854 2058 servare
875 1996 1030 2059 timendam

262 2079 401 2142 Gentibus
423 2081 498 2141 baud
515 2098 648 2160 umquam
667 2083 742 2141 iusto
764 2099 829 2141 mea
852 2099 920 2140 cura
942 2079 1034 2140 labori

260 2164 393 2226 Destitit:
414 2164 603 2235 absciderunt
620 2165 718 2225 tristes
741 2165 869 2226 crudelia
890 2164 999 2224 Parcae

262 2251 406 2326 Stamina,
426 2269 482 2310 uec
500 2249 603 2326 dictis,
622 2249 749 2328 supplex
769 2267 844 2329 quae
865 2248 988 2328 plurima
1009 2245 1069 2309 ludi
1204 2251 1256 2309 275

260 2335 337 2395 Ante
355 2334 455 2395 lovem
473 2334 596 2411 frustra,
621 2332 806 2413 lacrimisque
827 2341 962 2397 auertere
983 2333 1077 2393 luctus

260 2417 404 2497 Contigit:
427 2418 569 2487 infandum
589 2426 674 2481 natae
696 2419 844 2480 concessit
863 2419 1013 2495 bonorem.
1073 2465 1077 2473 .

259 2503 437 2565 Accelerate
458 2505 572 2582 lugam,
594 2512 698 2582 tuque,
721 2522 739 2565 o
760 2523 825 2565 mea
848 2503 935 2583 digua
955 2517 1107 2582 propago,

261 2588 324 2649 llac
345 2607 435 2667 rege,
455 2590 557 2667 virgo,
578 2598 705 2668 patrem,
727 2589 835 2668 gemini
858 2606 915 2669 qua
934 2586 1053 2649 brachia
1072 2586 1146 2647 muri

258 2673 338 2734 Litus
361 2682 444 2750 eunt,
464 2673 530 2749 illa,
551 2691 608 2752 qua
628 2692 694 2735 rara
716 2674 847 2752 silentia,
869 2681 955 2753 porta
1203 2675 1256 2733 280

261 2759 326 2817 Stat
346 2756 461 2818 funesta
482 2757 581 2818 Venus
597 2758 737 2836 ferroque
759 2757 1039 2819 accineraturentes
1177 2824 1180 2829 ,

259 2840 395 2901 Adiuvat.
438 2840 522 2901 Unde
542 2859 658 2918 manus,
680 2843 756 2902 uude
776 2843 851 2903 haec
873 2840 1015 2902 utavoma
1037 2838 1122 2905 divae

259 2921 406 2984 Pectora?
429 2933 459 2985 tu
478 2925 537 2984 lato
559 2928 839 3004 patremcommitte
860 2922 1014 3004 profundo.

260 3009 421 3070 Succedam
442 3009 542 3070 euris.2
585 3008 628 3070 lta
644 3009 719 3069 latus
739 3012 768 3070 in
788 3027 858 3070 aera
878 3024 978 3069 rursus
1070 3082 1072 3087 Ι

259 3093 405 3170 Solvitur,
427 3102 457 3154 et
478 3102 624 3170 nostrum,
646 3093 725 3155 visus
746 3090 1055 3169 arcentibus-umbris,
1202 3097 1253 3153 285

259 3177 336 3238 Mitis
363 3181 418 3239 iter
439 3179 546 3257 longae
571 3179 692 3240 claravit
713 3179 803 3240 limite
824 3179 984 3240 dammae..

326 3262 403 3337 ‘Qua
418 3265 482 3326 data
500 3266 583 3342 sigua
600 3281 722 3343 aequom
745 3264 813 3324 deiu
831 3279 920 3324 curvo
937 3254 1046 3323 robore
1063 3257 1203 3329 clausum,

258 3346 312 3408 Dis
333 3348 432 3428 pelagi
453 3352 607 3428 ventisque
627 3357 657 3409 et
675 3346 819 3426 Cycladas
842 3346 996 3425 Aegaeoni
1139 3346 1142 3352 '

257 3433 404 3513 Amplexu
428 3434 597 3495 commendo
621 3443 747 3513 patrem,
769 3452 826 3495 nec
844 3431 959 3493 fletibus
981 3447 1113 3510 umquam

258 3517 302 3578 Sit
323 3516 426 3578 modus
446 3518 581 3596 alteruis,
610 3520 638 3579 ui
658 3520 712 3580 iam
729 3519 850 3579 dimittat
871 3517 935 3579 uuo
1170 3520 1173 3525 ’
1200 3520 1253 3577 290

256 3601 374 3663 Lucifer
395 3612 472 3665 astra
494 3604 574 3682 polo.
620 3602 692 3664 Tum
712 3604 826 3666 demum
847 3603 934 3667 litore
954 3618 1044 3663 rauco

258 3685 348 3748 llulta
369 3697 446 3747 metu
468 3698 606 3768 reputans
629 3698 660 3749 et
679 3690 731 3749 vix
750 3688 860 3754 conlisa
881 3686 980 3763 Lpaeo

257 3770 392 3849 Biddon,
415 3773 479 3852 ipsa
499 3773 601 3854 gradu,
613 3772 728 3857 nitens,
750 3774 810 3841 sod
829 3783 864 3841 et
883 3771 977 3857 auxia
993 3777 1135 3903 πων
