3134 4434
307 438 347 498 20
641 450 672 498 P.
696 449 830 498 rsrrun
851 449 967 498 srnrn

308 607 401 667 Fusus
423 605 509 666 homo
532 604 630 683 gelida
647 615 759 686 partem
777 605 860 686 prior
880 604 991 684 hospes
1012 604 1149 666 habebat.

308 693 362 753 llio
383 709 455 750 vero
478 690 617 751 ambobus
639 690 750 752 rabiem
768 689 883 751 fortuna
906 699 1053 751 cruentam
1133 706 1136 711 ’

310 774 427 843 Attulit:
450 775 524 835 haud
545 777 625 855 passi
647 777 736 836 sociis
757 774 916 836 defendere
937 784 1053 834 noctem

310 858 500 937 Cuulminibus,
523 859 639 939 paulum
660 861 779 922 alternis
801 861 830 920 in
847 860 938 920 verba
959 862 1108 940 minasque

310 945 499 1015 Grunctantum
521 963 590 1007 mox
608 955 639 1006 ut
659 946 744 1006 iactis
765 944 948 1005 sermonibus
970 947 1030 1005 irae

307 1031 470 1092 Intumuere
493 1031 580 1106 satis,
602 1040 661 1090 tum
681 1047 755 1090 vero
774 1039 896 1090 >erectus
919 1038 1041 1108 uterque

307 1115 450 1176 Exertare
474 1115 609 1175 humeros
628 1115 791 1194 nudamque
813 1114 962 1174 lacessere
982 1133 1114 1195 pugnam.

310 1199 426 1260 Celsior
446 1199 497 1260 ille
516 1200 608 1277 gradu
629 1217 754 1279 procera
776 1200 806 1259 in
826 1199 955 1260 membra
976 1200 1117 1279 simulque

308 1286 427 1362 Integer
449 1302 602 1361 annorum,
625 1284 678 1345 sed
701 1302 760 1344 non
778 1294 809 1346 et
827 1284 937 1344 viribus
961 1284 1034 1345 infra

311 1370 410 1446 Tydea
431 1370 488 1430 lert
510 1370 636 1447 animus,
652 1378 797 1448 totosque
815 1368 909 1430 inlusa
930 1387 984 1448 per
1004 1379 1083 1430 artus

308 1455 402 1516 hiaior
423 1456 451 1513 in
472 1456 579 1532 exiguo
599 1454 740 1532 regnabat
762 1471 890 1532 corpore
911 1456 1011 1514 virtus.

309 1540 369 1601 lam
390 1539 513 1599 crebros
535 1541 608 1599 ictus
630 1556 682 1601 ora
703 1548 737 1599 et
753 1557 825 1600 cava
843 1547 977 1618 tempora
1000 1540 1107 1599 circum

310 1623 415 1683 Obnixi
434 1626 624 1702 ingeminant,
646 1623 771 1685 telorum
790 1632 839 1684 aut
865 1624 1013 1702 grandinis
1032 1626 1120 1685 instar

310 1708 479 1787 Rhipheae‚
501 1707 640 1788 flexoque
661 1726 739 1786 genu
760 1726 853 1769 vacua
873 1708 921 1768 ilia
943 1709 1071 1768 tundunt.

309 1791 375 1852 Non
398 1793 483 1854 aliter
502 1812 587 1873 quam
607 1793 713 1854 Pisaeo
735 1810 786 1853 sua
807 1792 897 1853 lustra
917 1793 1038 1853 Tonanti

312 1877 405 1951 Quum
427 1878 548 1938 redeunt
568 1878 726 1958 crudisque
745 1879 838 1937 virum
859 1877 1014 1938 sudoribus
1036 1878 1118 1938 ardet

309 1961 425 2022 Pulvis:
448 1971 476 2023 at
499 1962 566 2022 hinc
586 1971 705 2024 teneros
727 1980 836 2024 caveae
858 1963 1008 2023 dissensus
1030 1963 1163 2040 ephebos

313 2046 461 2124 Concitet,
485 2047 683 2128 exclusaeque
705 2056 863 2128 expectant
884 2049 1012 2127 praemia
1029 2057 1145 2108 matres.

312 2132 362 2193 Sic
385 2131 500 2193 alacres
522 2133 590 2193 odio
612 2133 748 2213 nullaque
764 2132 906 2212 cupidine
929 2131 1022 2194 laudis

312 2219 440 2277 Accensi
462 2219 624 2295 incurrunt,
647 2227 791 2279 scrutatur
814 2226 843 2278 et
865 2219 960 2278 intima
980 2217 1077 2277 vultus

311 2301 393 2363 Unca
411 2320 511 2362 manus
533 2304 707 2382 penitusque
728 2302 823 2364 oculis
844 2302 1015 2364 cedentibus
1035 2303 1130 2362 instat.

312 2386 424 2447 Forsan
446 2396 475 2446 et
496 2388 645 2447 accinctos
667 2388 767 2462 lateri,
791 2389 834 2447 sic
855 2389 898 2448 ira
919 2387 1046 2462 ferebat,

311 2470 476 2531 Nudassent
500 2488 604 2547 enses,
627 2471 790 2550 meliusque
811 2470 965 2532 hostilibus
988 2473 1074 2532 armis

311 2555 467 2633 bugendus
487 2555 584 2632 fratri,
608 2557 720 2616 iuvenis
742 2555 900 2631 Thebane,
921 2556 1046 2632 iaceres,

312 2638 350 2700 Ni
371 2658 424 2700 rex
443 2639 587 2700 insolitum
610 2640 768 2701 clamorem
788 2648 817 2701 et
837 2649 961 2720 pectore
982 2640 1019 2700 ab
1041 2639 1101 2700 alto

314 2724 476 2785 Stridentes
493 2726 634 2802 gemitus,
654 2727 748 2786 noctis
772 2726 890 2786 miratus
912 2726 941 2786 in
963 2724 1080 2801 umbris,

313 2808 455 2870 biovisset
475 2827 615 2887 gressus,
637 2812 748 2889 magnis
768 2811 815 2872 cui
837 2809 935 2871 sobria
956 2812 1033 2872 curis

313 2894 463 2956 Pendebat
483 2913 584 2956 somno
607 2897 663 2957 iam
685 2897 832 2957 deteriore
854 2905 1002 2956 senectus.

374 2977 461 3059 Isque
481 2980 531 3040 ubi
552 2980 745 3061 progrediens
765 2998 919 3041 numerosa
941 2981 1008 3042 luce
1030 3000 1084 3061 per
1105 2981 1163 3042 alta
1258 2992 1311 3046 435

315 3063 397 3125 Atria
416 3066 532 3126 dimotis
555 3064 680 3127 adverso
702 3067 799 3128 limine
823 3066 956 3127 claustris

316 3149 489 3210 Terribilem
511 3150 588 3210 dictu
609 3150 733 3228 faciem,
756 3151 856 3212 lacera
879 3168 930 3212 ora
951 3160 1111 3231 putresque

316 3233 483 3312 Sanguineo
503 3235 584 3295 videt
604 3235 696 3296 imbre
718 3249 825 3314 genas:
849 3235 945 3310 ‘Quae
964 3254 1052 3296 causa
1073 3235 1191 3310 furoris,

316 3317 438 3378 Enterni
460 3316 603 3381 iuvenes?
625 3338 781 3400 -neque
801 3321 876 3382 enim
896 3338 978 3381 meus
1000 3320 1104 3381 audeat
1123 3321 1194 3381 istas

317 3400 396 3463 Civis
418 3405 446 3463 in
464 3421 557 3483 usquc
578 3422 695 3482 manus,
716 3439 760 3454 -
780 3406 910 3485 quisnam
927 3404 1110 3484 inplacabilis
1130 3406 1219 3466 ardor
1261 3416 1315 3472 440

316 3486 481 3549 Exturbare
503 3488 577 3549 odiis
596 3490 748 3569 tranquilla
771 3490 886 3551 silentia
907 3485 1024 3551 noctis?

316 3572 418 3652 Usque
437 3574 550 3634 adeone
571 3584 691 3652 angusta
714 3576 778 3637 dies
801 3585 830 3637 et
850 3576 948 3651 triste,
971 3592 1127 3656 parumper

317 3656 423 3719 Pacem
445 3660 538 3719 animo
560 3676 749 3739 somnumque
771 3657 851 3739 pati?
891 3660 951 3721 Sed
973 3659 1087 3739 prodite
1110 3661 1234 3738 taudem,

318 3741 401 3803 Unde
423 3745 494 3823 orti,
517 3761 575 3825 quc
594 3743 677 3806 fertis
697 3746 770 3823 iter,
793 3762 869 3824 quae
890 3744 1004 3825 iurgia?
1037 3744 1110 3809 Nam
1131 3763 1185 3807 vos
