3134 4434
308 379 367 440 162
637 395 668 443 Ρ.
690 394 825 443 ene1u11
846 394 960 444 suanm

304 553 369 614 lura
390 551 483 612 bonus
501 551 621 612 meliora
641 560 740 612 monet
759 568 919 631 regemque
940 561 1096 616 cruentum

305 638 476 717 Temperat,
497 637 634 697 assistunt
653 635 779 697 lacrimis
799 645 886 715 atque
908 638 975 714 igne
995 646 1155 701 tumentes

305 722 434 799 Cocytos
453 721 708 800 Phlegethonque,
731 731 760 782 et
778 723 852 798 Styx
872 723 998 803 periuria
1022 723 1128 785 divum
1274 735 1300 791 lt

304 808 417 885 Arguit.
457 807 511 868 lile
533 814 629 867 autern
650 824 757 886 supera
779 822 921 886 conpage
943 807 1040 869 soluta

303 891 366 952 Nec
385 892 488 952 solitus
505 892 612 951 sentire
630 901 723 951 metus
745 893 863 971 expavit
884 890 986 952 oborta

304 977 422 1053 Sidera,
444 976 624 1055 iucundaque
646 974 775 1036 offensus
793 976 860 1037 luce
878 976 1026 1056 profatur:

368 1061 468 1136 ‘Quae
489 1079 624 1140 superum
646 1061 728 1121 labes
746 1062 889 1120 inimicum
910 1062 1020 1140 inpegit
1039 1056 1172 1123 Averno

303 1143 452 1208 Aethera?
474 1147 537 1225 quis
559 1146 663 1225 rumpit
680 1145 821 1207 tenebras
837 1147 972 1225 uitaeque
991 1145 1120 1206 silentes
1272 1160 1298 1214 35

303 1228 469 1293 Admovet?
492 1229 565 1290 unde
587 1229 702 1290 minaei
721 1240 786 1290 uter
804 1230 878 1291 haec
899 1231 966 1291 mihi
985 1229 1103 1310 proelia
1126 1231 1273 1296 fratrum?

305 1315 503 1394 congredior,
526 1325 647 1394 pereant
668 1315 792 1394 agedum
813 1315 975 1376 discrimina
997 1333 1108 1375 rerum.

302 1401 375 1462 Nam
398 1401 444 1460 cui
464 1400 549 1460 dulce
570 1399 682 1478 magis?
702 1417 807 1478 magno
826 1418 873 1460 me
891 1401 975 1461 tertia
995 1401 1106 1461 victum

302 1486 418 1547 Deiecit
437 1485 550 1546 fortuna
571 1485 659 1565 polo,
681 1485 873 1563 mundumque
892 1493 1045 1545 nocentem

303 1573 414 1646 Seruo,
436 1587 492 1629 neo
512 1571 567 1629 iste
588 1587 684 1647 meus,
707 1570 834 1649 dirisque
857 1586 893 1650 eu
912 1571 1031 1648 pervius
1052 1572 1147 1631 astris
1272 1584 1299 1638 lt

222 1684 224 1690 s
301 1654 464 1734 inspicitur.
510 1653 682 1714 'lumidusne
700 1662 780 1714 meas
797 1650 940 1732 regnator
959 1652 1076 1734 Olympi

301 1738 443 1818 Explorat
462 1735 561 1800 vires?
577 1738 676 1799 'haheo
698 1740 752 1798 iam
770 1750 879 1817 qunssa
901 1738 1051 1816 Gigantum

302 1823 440 1900 Vincula,
463 1832 499 1884 et·
514 1823 684 1884 aethereum·
703 1824 825 1902 cupidos
843 1824 925 1884 exire
947 1822 1000 1883 snb
1022 1840 1111 1884 axem

303 1908 418 1970 Titanas
437 1909 630 1988 miserumque
655 1916 775 1989 patrem.
819 1906 894 1982 Quid
915 1922 962 1968 me
983 1909 1041 1968 otiu
1063 1920 1188 1972 moesta

302 1997 414 2056 Saevus
438 2003 466 2053 et
484 1993 662 2073 implacidam·
681 1993 819 2074 prohihet·
834 1993 972 2072 perterre
992 1993 1135 2072 quietem,
1272 2009 1299 2064 sl

302 2080 502 2158 Amissumque
520 2079 619 2140 odisse
641 2076 737 2140 diem?
757 2079 993 2158 pandam'cmnia
1009 2088 1134 2156 regna,

302 2167 333 2226 Si
354 2164 475 2243 placet,
488 2173 517 2224 et
538 2164 640 2242 Stygio
662 2172 830 2245 praetexam
852 2162 1019 2243 Hyperiona
1039 2163 1144 2226 coelo.
1165 2190 1168 2197 ·

300 2249 416 2309 Arcada
437 2267 492 2308 nee
514 2251 690 2327 superis-
711 2247 778 2328 quid
797 2249 874 2308 enim
896 2246 963 2308 mihi
982 2249 1099 2308 nuntius
1119 2252 1232 2317 amhns

300 2334 384 2413 itque
407 2333 537 2412 reditque
556 2330 678 2394 dumosi
700 2356 742 2380 ·-
759 2333 885 2393 emittam
906 2341 1113 2412 eremumque
1137 2342 1256 2404 tenebo

301 2418 492 2494 Tyndariden
536 2416 594 2501 Opi·
615 2426 708 2478 autem
729 2404 820 2477 aridii
840 2417 956 2478 Ixiona·
953 2418 1063 2497 draugo
1272 2440 1300 2494 ω

300 2498 489 2562 Vorticibus?
511 2518 561 2562 cur
583 2519 640 2561 non
665 2510 822 2582 expectant
841 2501 981 2564 Tantalon
993 2501 1120 2590 undae?

300 2588 383 2647 Anne
404 2585 584 2665 profanatum
597 2586 705 2647 totiens
727 2586 818 2647 chaos
832 2587 948 2668 hospite
967 2588 1037 2648 tivo

287 2669 472 2751 ¹Perpetiar'l
490 2690 536 2732 me
548 2670 673 2732 Pirithoi
693 2673 869 2733 temerarius·
884 2673 972 2734 ardor
1031 2732 1035 2739 ,

301 2758 433 2836 Temptat
451 2764 484 2818 et
502 2756 607 2818 'audaci
630 2756 762 2818 Theseus
781 2758 890 2818 iuratus
906 2758 1014 2833 amico,

299 2843 347 2904 hie
367 2842 446 2903 ierus
464 2840 601 2919 Alcides,
624 2850 693 2919 tuuc
713 2858 799 2922 ᾳιιιιιιι
814 2842 939 2904 custode
957 2848 1093 2903 remoto·
1272 2864 1300 2916 ti

299 2926 409 2988 Ferrea
432 2925 599 2990 Cerbereae
621 2934 772 2989 tacuerunt
791 2922 887 2988 limina
905 2935 1060 3009 portue-
1121 2964 1133 2973 ·-

301 3010 431 3091 Odrysiis
456 3015 540 3074 etiam
559 3013 649 3093 pudet
669 3011 741 3073 heu!
757 3013 902 3091 putuisse·
908 3010 1042 3097 rprerelis

282 3094 428 3157 ‘Tartara
468 3096 535 3158 Vidi
554 3102 672 3176 egomet
696 3096 812 3157 blanda·
817 3098 895 3157 inter
916 3097 1055 3158 ommim
1060 3103 1177 3179 turpes

299 3180 485 3242 Eumenidum
502 3180 635 3242 lacrimis
652 3183 824 3260 iterataque
830 3178 926 3262 pensa
940 3196 1084 3257 sororum,

299 3265 348 3326 hie
369 3284 547 3346 quoque—-
551 3266 632 3336 ;sed
653 3266 741 3327 durae
758 3266 868 3326 melior
883 3265 1022 3327 uinlmtia
1043 3265 1132 3344 legis
1272 3284 1303 3341 qq

300 3350 355 3411 Ast
377 3368 434 3429 ego
455 3350 504 3411 vix
524 3368 609 3435 puum
623 3354 683 3412 neo
702 3351 796 3412 celer
806 3352 841 3412 ad
862 3351 958 3413 sidera
977 3349 1099 3410 torto·
1280 3360 1284 3371 '

301 3436 397 3495 Ausus
418 3438 474 3496 iter
492 3420 591 3497 Siculo
611 3437 693 3516 rapui
712 3436 836 3497 conchiis
856 3452 976 3516 campo;

300 3518 364 3580 Nec
384 3520 501 3581 licuisse
522 3520 632 3591 iemnt;
654 3522 835 3600 iniustaeque
854 3520 890 3582 ab
911 3521 983 3581 Iove
1003 3520 1096 3596 leges

300 3605 448 3682 Protinus,
472 3614 502 3666 et
523 3612 633 3666 sectum
653 3607 803 3685 genetrix·
800 3606 873 3666 ¹tnlhi
895 3609 1043 3685 computat
1059 3621 1183 3668 annunt

289 3690 356 3753 Sed
377 3691 448 3774 quid
468 3694 527 3776 ego
549 3689 645 3758 haec‘l
684 3690 721 3772 l,
737 3688 900 3753 'luterens
917 3688 1068 3748 uhorsoere
1086 3691 1199 3765 sehse
1273 3708 1307 3761 g,
