3134 4434
322 435 363 500 86
541 518 543 523 ,
663 422 988 499 mesembriam
1071 470 1074 477 ·

323 605 361 666 llt
381 603 567 665 memoranda
588 603 637 665 diu
657 605 832 684 geniumque
852 603 985 666 habitura
1006 604 1182 684 perennem!

245 690 249 699 '
321 689 403 751 Mille
423 689 464 749 ibi
485 697 554 750 tuuc
574 689 692 770 species
715 691 851 769 aerisque
873 689 1031 768 eborisque
1048 691 1158 750 vetusti
1290 701 1324 756 ao

322 775 421 853 Atque
449 773 598 836 locuturas
620 774 740 836 mentito
764 791 891 854 corporo
913 791 999 834 cenas

322 857 446 920 Edidioi.
493 857 566 932 Quis
588 877 711 939 namque
733 859 827 919 oculis
848 859 1005 919 certaverit
1023 875 1144 936 usquam

322 943 454 1004 Vindicis
476 943 616 1004 antilicnm
637 951 755 1004 veteres
775 959 941 1020 agnoscere
962 942 1076 1020 ductus,

322 1026 361 1088 llt
379 1045 437 1088 nou
456 1027 602 1108 inscriptis
624 1035 774 1088 auctorem
795 1027 920 1088 reddere
942 1022 1055 1105 siguisl

322 1111 377 1173 llio
403 1112 454 1172 tibi
475 1130 550 1191 quae
569 1112 657 1173 docto
679 1110 798 1172 multum
817 1111 938 1189 vigilata
958 1111 1073 1187 Myroni
1290 1123 1323 1177 25

323 1197 421 1273 Aera,
443 1195 592 1257 laboriferi
612 1197 710 1257 vivant
732 1213 807 1275 quae
826 1213 969 1257 marmora
990 1195 1077 1256 coelo

324 1280 495 1358 Praxitelis,
518 1280 597 1360 quod
618 1280 692 1341 ebur
709 1279 814 1342 Pisaeo
836 1280 947 1359 pollice
968 1296 1076 1356 rasum,

324 1365 410 1441 Quod
431 1364 611 1441 Polycleteis
633 1365 742 1425 iussum
764 1366 878 1445 spirare
900 1365 1031 1441 caminis,

321 1450 412 1512 Linea
434 1454 511 1528 quae'
529 1457 660 1511 veterem
682 1449 770 1527 longe
792 1450 916 1512 fateatur
935 1448 1085 1528 Apellam,

322 1532 510 1611 bloustrabit,
532 1552 657 1614 namque
678 1534 770 1611 haec,
795 1535 929 1614 quotiens
952 1533 1059 1609 chelyn
1078 1532 1173 1610 exuit,
1191 1533 1236 1595 illi
1294 1540 1327 1597 30

322 1618 444 1682 Desidia
467 1627 529 1696 est,
549 1617 597 1680 hic
618 1619 722 1680 doniis
744 1635 827 1680 amor
848 1627 952 1680 avocat
973 1619 1074 1680 antris.

387 1702 469 1764 llaec
489 1702 565 1763 inter
583 1712 683 1764 castae
705 1705 809 1782 genius
829 1703 978 1783 tutelaque
999 1720 1120 1764 mensae

324 1787 601 1867 Amphitryoniades
621 1788 711 1848 multo
730 1805 796 1849 mea
816 1787 895 1867 cepit
918 1804 1016 1849 amore

323 1873 466 1949 Pectora,
488 1890 545 1932 neo
567 1873 657 1950 longo
678 1873 794 1933 satiarit
811 1872 916 1933 lumina
935 1873 1015 1932 visu:
1118 1942 1120 1947 ⁴

324 1957 433 2018 Tantus
454 1957 549 2017 honos
570 1957 656 2037 operi
677 1956 811 2038 finesque
831 1957 943 2017 inclusa
966 1973 1022 2036 per
1045 1961 1144 2016 arctos
1295 1965 1326 2021 35

323 2041 478 2103 Maiestas!
500 2041 600 2119 Deus,
623 2041 674 2103 ille
700 2041 772 2102 deus
795 2059 923 2120 seseque
945 2040 1100 2102 videndum

324 2126 466 2203 Indulsit,
489 2126 632 2206 Lysippo,
653 2126 724 2204 tibi,
746 2144 914 2206 parvusque
936 2126 1030 2187 videri

325 2212 493 2291 Sentirique
515 2212 635 2289 iugeus;
660 2219 690 2272 et
711 2230 797 2291 quum
818 2210 959 2272 mirabilis
979 2212 1053 2270 iutra

325 2298 392 2358 Stet
411 2314 546 2357 mensura
569 2296 694 2376 pedem,
716 2305 813 2357 tamen
831 2296 998 2357 exclamare
1016 2291 1130 2370 libebit,

256 2400 259 2407 ’
326 2382 359 2442 Si
378 2382 459 2440 visus
480 2399 536 2460 per
552 2381 681 2442 membra
702 2380 797 2449 leres3
822 2380 881 2440 hoc
902 2389 1025 2458 pectore
1044 2397 1166 2458 pressus
1294 2388 1327 2443 lo

326 2466 465 2525 Vastator
484 2463 628 2534 Nemees;
652 2464 726 2526 haec
747 2465 866 2525 exitiale
887 2463 1023 2525 ferebant

326 2547 429 2610 Robur
452 2557 481 2608 et
502 2548 622 2626 Argoos
640 2547 955 2626 frangebant-brachia
975 2564 1083 2609 remos.

325 2632 390 2694 lloo
413 2632 508 2711 spatio
530 2642 587 2695 tam
609 2649 712 2710 magna
733 2632 818 2694 brevi
840 2633 992 2695 mendacia
1013 2630 1142 2693 formae!

328 2718 400 2793 Quis
423 2717 525 2778 modus
546 2718 576 2778 iu
596 2717 716 2793 dextra,
739 2727 845 2797 quauta
868 2718 1051 2797 experientia
1072 2715 1151 2778 docti

327 2802 456 2863 Artificis
479 2802 573 2879 o'nris,
596 2802 707 2882 pariter
726 2803 889 2880 gestamina
910 2820 1030 2864 mensae
1297 2806 1328 2862 to

327 2887 455 2965 Fingere
479 2897 508 2950 et
531 2888 666 2965 ingentes
684 2887 779 2948 auimo
799 2905 921 2947 versare
946 2884 1097 2948 colossos!

328 2972 401 3034 'lale
424 2991 481 3034 nec
497 2971 594 3034 ldaeis
615 2972 770 3052 quidquam
790 2970 948 3033 Telchines
968 2973 998 3032 in
1019 2971 1119 3046 antris,

327 3056 393 3117 Nec
416 3057 527 3119 solidus
550 3056 675 3119 Brontes
697 3075 765 3134 uec,
788 3056 836 3136 qui
858 3057 932 3136 polit
953 3073 1031 3118 arma
1053 3055 1184 3131 deorum,

326 3141 478 3218 Lemnius,
501 3142 608 3220 exigua
629 3143 774 3222 potuisset
796 3141 899 3203 ludere
918 3159 1023 3202 massa.
1060 3184 1063 3192 -

392 3225 457 3287 Nec
478 3234 562 3287 torva
585 3227 701 3304 efligies
723 3226 878 3307 epulisque
900 3226 995 3287 alicua
1016 3223 1159 3302 remissis,
1297 3232 1331 3286 ot)

329 3310 391 3372 Sed
413 3310 530 3388 qualem
551 3313 633 3390 parci
654 3311 754 3372 domus
775 3312 914 3373 admirata
935 3309 1091 3387 Molorchi,

315 3396 389 3458 ,Aut
407 3394 503 3456 Aleae
520 3395 596 3456 lucis
616 3395 687 3456 vidit
708 3395 848 3474 Tegeaea
868 3395 1023 3456 sacerdos:

330 3479 432 3554 Qualis
454 3489 484 3541 et
503 3477 622 3542 Oetaeis
643 3481 766 3541 emissus
791 3481 821 3542 in
841 3490 918 3541 astra
936 3480 1044 3541 favillis

328 3564 439 3626 Nectar
460 3563 556 3626 adhuc
576 3574 659 3627 torva
679 3565 774 3626 laetus
792 3563 902 3627 Iunone
925 3564 1057 3640 bibebat,

329 3649 381 3710 Sic
402 3650 478 3711 mitis
498 3649 596 3728 vultu,
619 3650 710 3712 veluti
732 3649 770 3711 de
793 3660 916 3731 pectore
937 3649 1081 3727 gaudeus,
1298 3656 1332 3711 oo

329 3732 467 3797 llortatur
487 3753 612 3799 mensas.
656 3734 751 3799 'leuet
768 3734 844 3800 baec
865 3735 1023 3799 marcentia
1044 3732 1143 3797 fratris
