3134 4434
583 465 784 517 uunnnrnoa
806 466 877 515 um.
904 465 980 513 v111.
1222 452 1281 514 165

282 625 429 702 Armaque
450 621 655 702 bellantesque
676 623 766 683 viros.
807 621 927 701 Fugere-
945 638 1018 682 ecce
1040 620 1154 684 uidetur

281 709 337 769 llic
359 709 460 783 etiam,
483 725 541 788 quo
563 717 685 784 stamus,
705 725 792 785 ager;
815 708 872 768 ridi
893 709 957 786 ipse
979 705 1140 784 profundae

283 793 387 854 Noctis
407 793 463 853 iter
483 801 627 872 ruptaque
649 793 706 853 soli
729 808 872 871 compage
894 798 1037 868 ruentem,

282 878 366 939 Illum
386 876 458 954 heu,
480 878 633 957 praesagis
655 893 714 958 quo
735 877 832 938 nullus
853 877 973 938 amicior
994 877 1090 955 astris,
1230 886 1282 940 145

284 962 443 1038 Oecliden‚
465 961 630 1040 frustraque
647 980 747 1023 manus
768 980 832 1022 cum
855 978 930 1022 voce
952 960 1073 1022 tetendi.

281 1046 356 1108 llira
375 1046 497 1125 loquor,
519 1047 617 1107 sulcos
636 1049 788 1107 etiamnum
805 1055 904 1107 rector
923 1063 1073 1126 equorum,
1142 1102 1145 1108 ,
1210 1122 1213 1127 ¹

282 1131 509 1209 Fumantemque
531 1131 628 1192 locum
650 1141 680 1192 et
696 1133 805 1211 spumis
821 1131 932 1193 madida
953 1149 1022 1192 arva
1041 1128 1157 1207 reliqui.

283 1216 348 1277 Nec
369 1233 518 1277 commane
542 1216 648 1277 malum
670 1225 730 1277 est:
753 1215 841 1276 tellus
862 1217 995 1293 agnoscit
1013 1215 1155 1289 alumnos,
1326 1216 1328 1223 “

284 1304 348 1363 Stat
365 1299 502 1361 Thebana
524 1302 629 1362 acies?
661 1301 766 1380 Stupet
782 1300 858 1361 haec
879 1309 910 1361 et
930 1301 1055 1361 credere
1069 1298 1211 1359 Adrastus
1232 1309 1283 1363 150

285 1385 457 1454 cunctatum
480 1386 534 1446 sed
554 1384 675 1464 llopsus
695 1385 771 1446 idem
792 1384 981 1463 trepidusque
1002 1383 1120 1444 ferebat

284 1471 378 1531 Actor
394 1469 489 1546 idem,
511 1488 575 1530 nam
593 1471 669 1531 fama
689 1470 774 1532 novis
791 1468 953 1530 terroribus
975 1469 1070 1530 audax

284 1554 351 1615 Non
372 1573 455 1614 unum
475 1555 620 1615 cecidisse
641 1553 743 1615 refert.
783 1554 895 1632 Sponte
914 1555 1037 1633 agmina,
1048 1561 1128 1614 retro

285 1638 352 1699 Non
377 1647 531 1719 expectato
549 1648 736 1701 revocantum
751 1655 837 1699 more
858 1638 990 1699 tubarum

283 1725 491 1803 Praecipitant;
515 1725 568 1785 sed
589 1733 688 1803 torpet
709 1725 781 1800 iter,
802 1723 964 1803 falluntque
985 1732 1104 1785 ruentes
1186 1752 1188 1756 ⁴
1235 1735 1284 1789 155

285 1809 385 1870 Genua
407 1811 503 1885 viros,
523 1809 654 1888 ipsique,
676 1816 762 1889 putes
784 1809 932 1886 sensisse,
954 1817 1119 1888 repugnant

286 1893 486 1973 Cornipedem
509 1893 647 1974 nulloque
663 1903 761 1954 truces
779 1893 941 1955 lrortanrine
960 1902 1073 1973 parent,

266 1977 349 2039 ‘Nec
371 1979 503 2039 celerare
522 1978 660 2056 malum,
681 1996 737 2039 nec
757 1978 865 2039 tollere
891 1978 996 2039 lumina
1018 1986 1105 2038 terra.

285 2062 400 2124 Fortius
422 2064 569 2123 incursant
589 2062 685 2138 Tyrii,
706 2062 769 2123 sed.
781 2062 898 2142 Vesper
919 2079 1030 2142 opacus

285 2149 412 2208 Lunares
434 2149 490 2207 ianr
511 2147 590 2208 ducit
610 2163 718 2227 equos;
739 2146 806 2208 data
823 2146 946 2207 foedere
967 2163 1059 2226 parvo
1232 2155 1283 2211 loo

284 2232 398 2293 lloesta
416 2233 486 2292 viris
507 2233 627 2312 requies
645 2239 675 2290 et
693 2248 753 2291 uox
774 2240 893 2293 auctura
910 2233 1040 2293 timores.

350 2317 432 2392 Quae
454 2316 505 2376 tibi
526 2325 594 2377 tunc
616 2315 725 2393 facies,
745 2324 899 2395 postquam
921 2316 1064 2396 permissa
1083 2315 1218 2394 gemendi

287 2399 400 2482 Copia?
424 2401 472 2481 qui
492 2401 576 2462 fletus
597 2400 692 2478 galeis
713 2399 850 2462 cecidere
871 2397 996 2462 solutis?

286 2486 334 2548 Nil
357 2487 472 2547 solitum
490 2486 588 2546 fessos
610 2487 702 2554 iuuat;
721 2485 858 2547 abiecere
880 2485 1043 2564 madentes,

286 2573 368 2633 Sicut
390 2580 486 2648 erant,
506 2571 635 2651 clipeos,
656 2589 712 2631 nec
733 2572 886 2651 quisquam
905 2571 1020 2650 spicula
1040 2572 1134 2647 tersit,
1231 2581 1282 2635 165

284 2657 349 2718 Nec
370 2656 496 2717 laudauit
516 2674 639 2736 equum,
659 2656 765 2717 nitidae
786 2673 843 2717 nec
865 2656 987 2716 cassidis
1010 2655 1097 2718 altam
1163 2649 1173 2663 '

287 2739 419 2820 Gompsit
439 2740 645 2819 adornavitque
665 2740 774 2811 iubam
794 2741 845 2800 vix
864 2757 966 2817 magna
986 2740 1086 2802 lavare

286 2825 415 2885 Vulnera
438 2833 467 2884 et
489 2824 622 2885 efflantes
642 2823 714 2885 libet
732 2826 928 2885 internectere
948 2824 1061 2903 plagas.

288 2910 396 2970 'fantus
414 2908 521 2987 ubique
544 2908 645 2977 dolon
666 2926 783 2969 mensas
804 2906 996 2987 alimentaque
1014 2907 1096 2969 bello

288 2994 394 3055 Debita
416 3011 472 3052 nec
494 3010 609 3072 pugnae
627 2993 718 3053 suasit
738 2993 838 3061 timor;
861 2992 954 3053 omnia
974 2991 1087 3068 laudes,
1234 2998 1285 3055 llo

288 3079 479 3157 Amphiarae,
501 3086 582 3154 tuas,
600 3077 803 3156 foecundaque
824 3084 946 3157 pectora
966 3078 1029 3139 veri

289 3162 520 3224 Commemorant
542 3161 683 3238 lacrimis,
706 3170 735 3222 et
755 3179 811 3240 par
832 3162 957 3223 tentoria
979 3177 1076 3223 sermo

287 3248 384 3310 Unus:
404 3247 500 3308 abisse
522 3247 595 3308 deos
614 3246 795 3329 delapsaque
815 3247 929 3307 numina
949 3249 1064 3307 castris.

349 3333 431 3392 ‘ch
453 3332 501 3393 ubi
522 3332 660 3410 laurigeri
679 3349 780 3392 currus
801 3331 1013 3411 sollemniaque
1036 3349 1112 3393 arma

289 3417 328 3479 Et
346 3418 451 3496 galeae
468 3418 586 3478 vittatus
609 3413 708 3496 apex?
725 3416 783 3495 lreu
803 3426 884 3478 antra
905 3416 1045 3496 lacusque
1233 3422 1283 3479 lit

290 3501 409 3563 Castalii
429 3502 630 3581 tripodumque
650 3497 746 3563 tides?
768 3502 812 3563 sic
835 3511 934 3578 gratum
953 3501 1086 3580 Apollo?

290 3587 360 3662 Quis
382 3586 450 3647 mihi
472 3587 606 3648 sidereos
627 3587 728 3666 lapaut
749 3594 934 3667 mentemque
959 3587 1066 3647 sinistri

289 3671 440 3753 fulguris,
464 3680 512 3733 aut
534 3672 629 3733 caesis
651 3669 735 3731 saliat
756 3670 835 3749 quod
855 3672 1008 3731 numenio
1030 3670 1118 3744 extis.

291 3757 413 3832 Quando
431 3759 502 3835 iter,
525 3757 601 3819 unde
620 3773 740 3836 morae,
757 3772 836 3837 quae
858 3757 961 3819 saeris
976 3755 1064 3815 utura
1082 3751 1195 3818 arram„
1302 3775 1309 3783 -
