3134 4434
324 437 364 500 98
654 451 686 498 e.
709 449 842 498 unsrun
863 450 976 500 sunum

388 604 472 666 ‘Non
493 624 550 684 ego
571 623 646 666 nunc
666 605 746 684 vulgi
764 624 935 686 quamquam
956 605 1086 667 crudelia
1108 606 1245 686 pandam

325 691 454 767 Funera,
474 691 526 750 sed
549 692 666 771 propria
686 692 780 753 luctus
802 692 839 752 de
861 691 952 769 stirpe
973 690 1128 752 recordor.

326 776 411 851 Quod
428 785 472 853 te,
494 775 569 836 dave
590 774 708 852 Cydon,
731 775 809 856 quod
829 784 859 836 te
881 792 935 854 per
955 775 1034 836 colla
1053 777 1163 836 refusis
1197 822 1200 827 .
1274 785 1326 840 aab

323 861 478 936 lutacium,
500 860 648 936 Crenaee,
666 863 762 921 comis
779 894 822 905 -—
841 860 943 938 quibus
963 860 1054 921 ubera
1074 878 1193 922 mecum

325 945 536 1025 obliquumque
558 955 676 1025 epatre
698 964 790 1023 genus
811 978 854 991 -
874 944 1054 1024 fortemque,
1075 945 1219 1006 timebam

324 1029 416 1104 Quem
435 1030 597 1109 desponsa,
623 1029 719 1106 Gyan,
742 1030 802 1090 uidi
822 1029 940 1108 lapsare
959 1038 1096 1090 cruentae
1192 1084 1195 1089 .

321 1115 450 1175 Vulnere
472 1114 674 1191 Myrmidonis,
697 1115 835 1194 quodque
855 1114 930 1174 iuter
954 1122 1032 1173 serta
1052 1115 1230 1194 chorosque

322 1199 449 1260 Barbara
470 1199 615 1261 ludentem
633 1198 763 1259 fodiebat
787 1196 908 1277 Opopea
927 1207 1028 1259 mater.
1269 1211 1321 1265 aas

388 1283 471 1344 ‘Flet
493 1302 582 1365 super
601 1301 780 1363 aequaevum
805 1299 890 1343 soror
912 1292 1058 1344 exarmata
1079 1281 1210 1358 Lycaste

324 1367 479 1445 cytinus,
500 1369 571 1429 beu!
590 1368 699 1429 similes
719 1369 848 1447 perituro
870 1368 1048 1447 incorpore
1069 1369 1167 1429 vultus

322 1453 497 1533 Adspiciens
517 1453 678 1533 lloremque
699 1471 811 1530 genae,
835 1461 865 1513 et
885 1470 957 1533 quas
978 1453 1194 1514 tinxeratauro

322 1537 390 1617 lpsa
414 1556 526 1608 comas;
541 1544 609 1599 tum
629 1556 719 1598 saeva
738 1555 845 1618 parens
867 1538 923 1598 iam
946 1539 1069 1614 coniuge
1091 1539 1158 1598 luso
1209 1550 1212 1554 ·

322 1622 441 1683 Adstitit
462 1622 632 1703 inpellitque
648 1623 729 1682 minis
749 1630 835 1701 atque
857 1623 959 1683 inserit
980 1640 1088 1682 ensem.
1269 1634 1321 1689 πω

322 1707 361 1767 Ut
382 1707 461 1784 iera,
485 1725 559 1786 quae
580 1706 697 1787 placido
718 1706 827 1767 rabiem
848 1706 968 1768 desueta
988 1708 1127 1784 magistro

324 1790 444 1852 Tardius
464 1810 543 1852 arma
561 1799 660 1851 movet
680 1791 861 1870 stimulisque
884 1801 913 1852 et
933 1791 1058 1852 verbere
1080 1792 1190 1852 crebro

322 1875 356 1937 In
375 1894 473 1937 mores
495 1885 583 1954 negat
600 1878 643 1936 ire
665 1893 750 1936 suos:
773 1878 817 1936 sin
833 1876 883 1937 illa
900 1877 1007 1937 iacenti

321 1960 440 2037 Incidit,
462 1963 674 2040 undantemque
693 1962 756 2021 sinu
778 1961 909 2040 collapsa
931 1978 1063 2021 cruorem

324 2044 442 2125 Excipit
464 2056 493 2107 et
514 2047 630 2107 laceros
651 2047 803 2125 premitin
821 2063 898 2107 nova
915 2046 1036 2106 vulnera
1058 2047 1165 2106 crines.
1269 2055 1321 2110 235

388 2130 443 2192 <Ut
462 2148 533 2192 vero
555 2130 727 2193 Alcimeden
746 2133 898 2194 etiamnum
918 2132 947 2190 in
967 2148 1110 2190 murmure
1132 2138 1259 2191 truncos

323 2215 414 2279 Ferre
435 2219 525 2296 patris
546 2217 652 2277 uultus¹
664 2226 694 2277 et
712 2220 847 2295 egentem
868 2217 1015 2294 sanguinis
1038 2231 1138 2275 ensem

324 2300 489 2381 (temperi,
511 2303 629 2379 riguere
647 2319 764 2380 comae,
794 2310 880 2379 atque
901 2301 1066 2361 inviscera
1088 2316 1196 2360 saevus

322 2386 433 2447 Horror
452 2387 493 2446 iit.
536 2384 619 2446 llleus
639 2385 691 2447 ille
713 2385 826 2460 Thoas,-
844 2403 910 2446 mea
928 2385 991 2446 dira
1010 2384 1114 2445 videri¹
1151 2436 1156 2443 .

322 2470 434 2531 Dextra
454 2471 537 2545 mihi,
559 2470 707 2549 externplo
725 2469 856 2531 thalamis
878 2469 992 2531 turbata
1012 2469 1142 2549 paternis
1181 2500 1209 2512 ··
1270 2481 1321 2534 240

322 2554 446 2616 lnieror.
490 2553 552 2614 lllc·
567 2554 683 2633 quidem
699 2553 808 2614 ¹dudum
827 2574 871 2602 ·-
890 2555 954 2632 quis
973 2572 1079 2632 magna
1094 2554 1186 2613 tuenti

324 2635 468 2701 Somnus?
486 2671 529 2684 -
549 2639 609 2716 agit
625 2656 750 2699 ¹versans
769 2655 885 2715 secum,
907 2641 962 2699 etsi
983 2639 1041 2699 lata
1055 2640 1182 2700 recessit

323 2723 404 2786 Urbe
424 2723 541 2799 domus,
563 2724 676 2803 quinam
697 2724 851 2802 strepitus,
873 2726 949 2802 qu'ae
969 2741 1111 2785 murmura
1130 2727 1240 2803 noctis,

324 2807 384 2870 Gur
404 2807 593 2871 fremebunda
614 2805 718 2888 quiesi
740 2808 860 2887 trepido
881 2809 978 2870 scelus
1001 2808 1102 2869 ordine
1122 2810 1256 2887 pando,

324 2894 396 2970 Quis
416 2893 518 2971 dolor,
541 2893 736 2962 unde-animia
762 2894 807 2953 vis
829 2893 907 2955 nulla
928 2911 1031 2955 arcere
1048 2892 1221 2963 furentes;='
1269 2907 1319 2961 245

323 2978 385 3040 llac
400 2997 542 3059 sequere,
563 2996 580 3038 o
596 2979 774 3056 miserande,
789 2984 922 3058 premunt
937 2978 1113 3055 aderuntque
1127 2981 1265 3058 moranti,

325 3062 363 3123 Et
383 3082 495 3124 mecum
515 3064 642 3125 tortasse
658 3064 781 3125 cades..
805 3063 856 3123 llis
871 3073 972 3125 -motus
994 3071 1023 3123 et
1045 3070 1124 3122 artus

323 3147 426 3208 Erexit
443 3149 554 3218 stratis;
575 3149 693 3209 ferimur
711 3165 766 3228 per
784 3145 868 3210 devia
887 3157 988 3208 vastas
1018 3192 1021 3199 .

323 3230 427 3309 Urbis,
447 3232 497 3292 nbi
518 3234 841 3310 ingentemnoctnrnne
862 3232 959 3294 caedis
980 3249 1115 3293 acervum

324 3317 450 3394 Passim,
472 3326 503 3377 ut
524 3318 768 3396 quosque-sacris
790 3316 1067 3396 crudelis-vespera
1087 3316 1160 3376 lueis
1270 3331 1319 3384 πω

324 3404 490 3479 straverat,
513 3401 631 3463 occulta
646 3402 832 3482 speculamur
849 3401 925 3462 nube
947 3401 1083 3462 latentes.-

324 3486 378 3547 llic
399 3489 532 3566 inpressa
548 3487 620 3546 toris
642 3496 922 3566 nra‚·ertantesque
943 3485 1067 3546 reclusis
1099 3520 1103 3529 ·
1307 3546 1311 3551 .

324 3571 495 3632 Pectoribus
516 3571 662 3650 capulos,¹
675 3588 841 3650 magnarum
851 3580 890 3631 et
910 3570 1053 3648 iragrniua-
1071 3579 1170 3631 trunca
1193 3604 1197 3613 -
1250 3606 1253 3611 ·

324 3655 476 3718 Hastamm
496 3665 525 3717 et
546 3656 758 3718 ferro-laceras
783 3666 1119 3736 percorpus-vestes,
1233 3684 1235 3689 ·
1272 3692 1275 3699 ·

322 3739 460 3806 Crateras
473 3744 588 3826 pronos
610 3741 773 3826 epulasque
796 3743 826 3804 in
841 3740 1094 3805 naedenatantcs·
1129 3760 1133 3767 ·
1270 3751 1320 3805 uss
