3134 4434
315 449 356 510 54
641 460 685 508 u.
707 457 992 541 1111111111111,

313 617 468 678 1111111111
489 618 621 677 inmenso
643 631 702 675 uon
723 632 857 695 umquam
877 633 984 676 exesus
1006 615 1042 677 ab
1065 632 1152 690 aevo,

249 732 251 735 ·
314 702 454 770 Terreat3
478 702 544 780 ipse
567 701 656 762 adero
681 709 710 783 et
734 701 886 762 conamina
905 710 984 762 tauta
1004 699 1109 761 iuvabo

314 788 490 866 Asperaque
511 787 618 846 invitae
640 784 820 864 perfringam
840 786 957 846 viscera
978 794 1087 846 terrae.

315 871 416 954 Incipe
439 879 469 930 et
487 869 643 930 Herculeis
665 869 762 930 fidens·
777 869 941 930 hortatibus
964 869 1050 930 aude.

313 954 380 1014 Non
402 952 595 1033 Amphioniae
616 953 752 1014 steterint
775 953 909 1014 velocius
930 968 1016 1014 arces
1272 961 1320 1014 115

215 1060 220 1067 ·
313 1038 531 1115 Pergameusve
551 1037 659 1100 labor?
698 1037 779 1098 Dixit
798 1047 984 1117 montemque
1006 1036 1137 1116 reliquit.

379 1122 443 1182 Nec
465 1139 560 1198 mora,
585 1121 752 1200 conscripta
771 1121 932 1184 formantur
950 1122 1074 1200 imagine
1095 1119 1221 1199 templa:

313 1207 486 1268 Innumerae
509 1207 610 1267 coiere
630 1223 742 1267 manus.
783 1205 836 1267 His
861 1207 989 1268 caedere
1010 1205 1100 1266 silvas

314 1291 353 1352 Et
376 1292 477 1351 levare
498 1291 616 1367 trabes,
639 1290 698 1350 illis
720 1291 888 1369 inmergere
910 1308 998 1352 curae
1045 1318 1052 1325 ·

313 1375 510 1436 Fundamenta
531 1374 607 1434 solo.
650 1371 791 1454 (toquttur
811 1394 880 1455 pars
901 1375 1017 1437 humida
1034 1383 1134 1435 terrae
1271 1383 1321 1436 120

315 1458 489 1520 Proteotura
510 1458 623 1519 hiemes
646 1467 734 1538 atque
756 1460 913 1521 exclusura
930 1461 1060 1539 pruinas,

315 1542 534 1622 Indomitasque
555 1543 632 1603 silex
651 1560 740 1603 curva
760 1543 882 1605 fornace
905 1545 1052 1625 liquescit.

313 1627 494 1705 Praecipuus
517 1627 569 1688 sed
593 1629 669 1687 enim
690 1627 775 1688 labor
796 1637 841 1688 est
861 1629 1021 1690 excindere
1042 1628 1146 1691 dextra

317 1711 477 1790 Oppositas
498 1728 589 1791 rupes
611 1720 641 1772 et
659 1729 730 1772 saxa
751 1714 888 1790 negantia
909 1712 1000 1773 ferro.

315 1795 371 1855 Hic
392 1796 475 1873 pater
494 1797 563 1874 ipse·
581 1796 641 1856 loci
659 1792 764 1874 positis
787 1795 1059 1873 Tirynthius-'armis
1131 1798 1134 1803 ’
1270 1808 1321 1860 lut

314 1879 433 1941 Insudat
454 1879 609 1960 validaque
633 1880 727 1940 solum
743 1880 880 1942 'delomne
900 1881 1030 1961 bipenni,

318 1963 411 2037 Quum
437 1982 527 2041 grave
550 1964 829 2025 noctuma‘ooelum
852 1965 1014 2026 subtexitur
1035 1963 1148 2043 umbra,

315 2048 385 2126 lpse
406 2048 487 2108 fodit.
531 2047 615 2109 Dites
639 2045 775 2129 Capreae
794 2049 963 2128 viridesque
982 2050 1124 2111 resultant

316 2132 517 2209 Taurubulae,
541 2143 570 2194 et
591 2133 679 2193 terris
699 2133 803 2211 iugens
823 2134 900 2195 redit
921 2135 1058 2212 aequoris
1086 2134 1173 2195 echo.
1284 2178 1291 2187 .

378 2216 447 2276 ¹Non
466 2227 523 2277 tam
544 2218 656 2296 grande
678 2226 762 2279 sonat
781 2220 867 2279 motis
883 2217 1038 2278 incudibus
1057 2218 1164 2295 Aetna,
1273 2228 1324 2282 130

318 2303 413 2376 Quum
433 2301 557 2362 Brontes
576 2302 778 2382 Steropesque
798 2300 883 2379 ierit,
902 2318 960 2362 neo
978 2304 1072 2362 maior
1092 2303 1129 2363 ab
1152 2303 1246 2364 antris

215 2383 217 2387 ’
316 2385 478 2445 Lemniacis
504 2386 605 2464 fragor
628 2397 689 2464 est,
712 2386 762 2446 ubi
783 2384 1061 2464 flammeus-aegida
1084 2387 1181 2450 caelat
1283 2412 1286 2419 ·

318 2468 463 2529 Mulciber
486 2479 515 2529 et
538 2472 626 2531 castis
648 2480 771 2531 exornat
792 2470 911 2532 Pallada
934 2470 1028 2532 donis.

382 2552 566 2614 Decresount
589 2555 719 2634 scopuli,
740 2563 770 2615 et
790 2571 879 2616 rosea
898 2553 955 2615 sub
975 2555 1042 2616 luce
1064 2555 1180 2617 reversi

318 2637 456 2717 Artifices
477 2639 614 2699 mirantur
635 2654 719 2718 opus.
759 2638 819 2698 Vir
840 2654 937 2700 annae·
952 2639 1070 2700 anhelat
1274 2648 1324 2703 135

317 2721 419 2797 Alter,
441 2731 471 2781 et
490 2723 600 2800 ingenti
622 2723 705 2784 dives
727 2721 893 2799 Tirynthius
916 2740 990 2784 arce·
1288 2728 1291 2735 '

316 2804 480 2885 Despectat
501 2807 604 2868 ductus
628 2811 657 2868 et
677 2809 792 2868 iunctae
813 2816 1060 2869 tecta-novercae

316 2889 463 2951 Provocat
483 2902 512 2951 et
531 2892 625 2971 dignis
645 2893 745 2953 invitat
766 2890 1036 2972 Palladatemplls.

381 2974 441 3036 1111
462 2976 596 3054 placidae
617 2977 686 3039 dant
702 2977 791 3053 ¹sigua
811 2976 918 3054 tubae,
937 2973 1139 3038 lamiortibus
1159 2975 1269 3037 ardeus
1293 3000 1296 3005 ·

317 3059 420 3120 Fumat
438 3076 527 3121 arena
550 3061 654 3122 sacris.
688 3061 761 3122 *llos
782 3077 840 3122 uec
860 3059 982 3122 Pisaeus
993 3061 1129 3121 'honores
1272 3067 1324 3124 rto

317 3143 450 3222 luppiter
472 3153 521 3204 111
542 3141 779 3225 Cyrrhaepater
800 3155 977 3224 aspernetur
997 3148 1123 3225 opacae.

309 3224 366 3286 'tiit
392 3227 436 3287 his
456 3229 549 3288 triste¹
561 3227 653 3298 locis';
673 3229 968 3290 cedatlacrimabilis
989 3228 1126 3304 Isthmos,

319 3309 412 3370 Cedat
435 3321 519 3371 atrox
539 3311 669 3389 Nemee,
690 3314 753 3374 11111
774 3313 959 3375 hic-felicior
978 3314 1080 3375 iulans.

319 3394 407 3477 lpsae
429 3397 571 3473 pumiceis
591 3397 700 3458 virides
718 3396 865 3459 Nereides
887 3399 977 3459 antris

318 3478 448 3540 Exilium
468 3479 557 3556 ultro,
580 3490 610 3541 et
631 3482 767 3561 scopulis
782 3483 970 3544 humentibus
992 3482 1129 3548 haerent:
1276 3492 1325 3547 145

319 3562 384 3623 Neo
405 3563 495 3642 pudet
516 3565 745 3626 occulteuudas
759 3567 1103 3647 ¹spectarepalaestras.

319 3649 443 3726 Spectat
465 3658 495 3710 et
514 3648 608 3710 Icario
630 3663 803 3712 nemorosus
823 3651 941 3731 palmite
965 3651 1077 3713 Gaurus

315 3733 474 3814 silvaque,
496 3751 572 3815 puae
591 3736 678 3801 lixum
694 3735 938 3820 pelaga‘ttestta
955 3745 1087 3814 coronat,
1146 3756 1155 3787 ι
