3134 4434
603 520 605 524 .
630 471 807 521 snivattott
822 473 855 521 1„
867 472 890 520 1.

252 630 306 691 Est
328 629 463 704 iuvenis,
487 644 574 708 quem
595 629 717 707 patritiis
736 627 894 689 maioribus
917 638 1011 689 ortum

253 715 402 775 Nobilitas
425 713 529 790 gavisa
548 713 626 790 tulit,
649 731 854 792 praesagaque
877 714 989 775 formae

253 800 390 861 Protinus
413 816 431 856 e
453 806 555 858 nostro
577 800 674 877 posuit
692 799 865 875 cognomina
887 798 985 857 coelo.

253 882 337 944 Hunc
361 891 482 960 egomet
500 891 561 943 tota
582 882 725 961 quondam
748 916 791 930 -
810 880 862 942 tibi
884 882 971 942 dulce
996 916 1033 927 -
1056 884 1192 963 pharetra

254 967 402 1048 lnprobus
426 977 456 1028 et
478 968 567 1028 densa
589 967 782 1045 trepidantem
804 967 926 1044 cuspide
947 966 1007 1025 fixi.
1172 990 1181 1006 =
1225 977 1258 1032 75

254 1052 396 1127 Quamvis
414 1051 556 1111 Ausoniis
577 1051 696 1111 multum
715 1069 809 1128 gener
827 1050 877 1110 ille
896 1052 1005 1129 petitus

253 1136 415 1213 Manibus,
439 1135 555 1196 edomui
571 1137 688 1195 victum*
700 1136 893 1213 dominaeque
913 1141 1043 1214 potentis

254 1222 347 1282 Ferre
371 1222 484 1298 iugum,
508 1230 537 1280 et
558 1220 667 1298 longos
688 1221 758 1280 iussi
778 1237 900 1299 sperare
918 1238 973 1298 per
991 1238 1092 1281 annos.

253 1307 310 1366 Ast
331 1304 413 1365 illam
434 1323 542 1366 summa
561 1305 671 1365 leviter
686 1338 730 1351 —-
751 1307 799 1364 sic
812 1322 935 1382 namque
956 1305 1080 1366 iubebas
1103 1338 1144 1353 -

254 1390 402 1468 lampade
423 1399 633 1468 parcentes-et
652 1391 746 1449 inerti·
758 1390 923 1449 strinximus
945 1408 1024 1450 arou.
1223 1398 1258 1454 80

255 1474 301 1534 Ex
323 1475 377 1534 illo
402 1483 526 1554 quantos
548 1476 661 1534 iuvenis
683 1483 797 1553 premat
817 1474 921 1533 anxius
939 1475 1034 1551 ignes,

255 1558 354 1619 Testis
375 1576 449 1636 ego,
472 1560 609 1619 attonitus
632 1568 767 1637 quantum
791 1575 837 1617 me
857 1567 945 1617 nocte
966 1559 1073 1638 dieque

255 1643 418 1722 Urgentem
438 1643 523 1703 ierat.
567 1643 650 1703 llaud
662 1643 724 1703 -nlli
742 1642 944 1703 vehementior
960 1662 1096 1723 umquam

254 1727 394 1804 Incubui,
418 1728 561 1805 genitrix,
584 1728 746 1807 iterataque
765 1727 888 1787 vulnera
908 1727 967 1786 lixi.

255 1812 323 1873 Vidi
345 1822 454 1889 egoet
473 1812 562 1873 inmiti
587 1813 720 1891 cupidum
739 1813 898 1873 decurrere
917 1828 1020 1892 campo
1223 1822 1258 1878 85

255 1897 486 1976 Hippomenen,
506 1914 563 1957 uec
582 1898 724 1957 sicmeta
740 1897 877 1976 pallebat
897 1897 926 1956 in
946 1898 1020 1976 ipsa.

254 1981 322 2042 Vidi
344 1989 374 2042 et
393 1981 529 2056 Abydeni
549 1982 662 2041 iuvenis
681 1983 822 2041 certantia
840 1982 927 2040 remis

254 2065 379 2126 Brachia
402 2057 575 2146 laudavique
597 2084 697 2126 manus
720 2075 749 2126 et
766 2083 859 2144 saepe
880 2067 987 2125 natanti

255 2151 406 2219 Praeluxi3
425 2151 519 2210 minor
539 2151 591 2210 ille
613 2151 711 2227 calor,v
732 2167 791 2229 quo
813 2167 902 2209 saeva
920 2149 1068 2228 tepebant¹

254 2236 405 2314 Aequora.
446 2233 489 2294 l'u
509 2236 801 2311 reteresqzriuvenis,
823 2244 1024 2310 transgressus
1043 2253 1168 2296 amores.
1224 2245 1259 2299 90
1315 2266 1318 2270 ·

255 2320 324 2398 lpse
346 2326 407 2396 ego'
425 2328 455 2379 te
477 2327 572 2379 tantos
594 2320 835 2398 stupuidurasse
857 2335 911 2395 per
931 2327 1040 2392 aestus,

255 2403 440 2481 Firmavique
460 2405 571 2464 animos
588 2403 761 2482 blandisque
785 2402 927 2463 madentia
950 2402 1054 2482 plumis

254 2489 374 2550 Lumina
397 2487 515 2548 detersi.
554 2487 703 2562 Quotiens
723 2488 791 2546 mihi
813 2496 934 2567 questus
953 2487 1075 2566 Apollo,
1102 2520 1104 2525 ·

254 2574 305 2633 Sic
327 2580 424 2632 vatem
444 2589 580 2634 moerere
603 2573 700 2633 suum!
743 2572 819 2649 Iam,
842 2581 949 2647 mater,
975 2581 1086 2632 amatos

252 2657 379 2733 indulge
400 2656 552 2716 thalamos.
595 2656 714 2717 Noster·
731 2674 832 2716 comes
852 2657 904 2716 ille
922 2657 1058 2738 piusque»
1223 2665 1258 2720 95

254 2741 386 2820 Signifer
405 2742 558 2801 armiferos
575 2751 693 2821 poterat
713 2758 877 2802 memorare
898 2740 1016 2801 labores

256 2825 403 2903 Glaraque
421 2827 499 2887 lacta
516 2828 609 2886 uirum
630 2835 834 2886 ettorrentes
849 2827 990 2902 sanguiue
1014 2841 1151 2903 camposz

254 2911 306 2971 Sic
328 2909 380 2969 tibi
401 2911 514 2988 plectra
537 2911 616 2971 dedit
637 2912 772 2990 mitisque
794 2910 933 2970 incedere
954 2917 1038 2971 vates

254 2993 355 3056 llaluit
378 3003 408 3053 et
429 3004 530 3055 nostra
551 2996 668 3056 laurum:
681 2995 841 3055 subtexere
861 3002 964 3068 myrto.

253 3079 307 3138 llic
329 3079 464 3138 iuvenum
486 3079 737 3158 lapsus-suaque,
761 3078 838 3139 baud
858 3087 1006 3154 extrema,
1026 3078 1153 3137 revolvit
1206 3087 1258 3139 100

253 3162 394 3223 Vulnera.
439 3162 496 3223 Pro
519 3173 626 3242 quanta·
646 3173 692 3223 est
713 3164 814 3243 Paphii
833 3164 1015 3238 reuerentia⁷
1035 3171 1138 3239 mater,

253 3247 400 3308 Numinis!
432 3247 487 3308 llic
508 3257 633 3308 nostrae.
646 3248 843 3308 deflevitfata
865 3246 1041 3307 columbae!

317 3331 455 3401 Dixerat;
480 3342 510 3392 et
530 3336 750 3393 tenera-matris
771 3334 890 3393 cervice
911 3331 1051 3411 pependit

253 3416 381 3478 blandus
404 3425 435 3476 et
456 3417 576 3477 admotis
598 3419 741 3498 tepefecit
762 3426 885 3497 pectora
904 3417 1017 3496 pennis.

251 3501 306 3562 llla
325 3501 435 3576 refert,
457 3502 538 3561 vultu
561 3520 618 3563 non
640 3511 795 3581 aspernata
815 3502 927 3578 rogari:
1205 3511 1257 3564 105

253 3585 389 3646 ‘Grande
415 3586 531 3664 quidem
551 3604 705 3665 rarumque
726 3587 815 3660 viris,
840 3602 914 3664 quos
932 3585 996 3663 ipsa
1018 3585 1151 3662 probavi,

252 3670 367 3732 Pierius
386 3678 485 3730 votum
504 3672 725 3750 iuveniscupit.
760 3669 842 3729 llauc
861 3686 920 3746 ego
943 3669 1054 3729 iormae

252 3753 414 3834 Egregium
435 3756 544 3817 mirata-
556 3756 665 3831 decus-q
689 3754 736 3815 cui
757 3753 852 3831 gloria
872 3762 987 3833 patrum
