3134 4434
437 475 469 521 r.
493 473 626 520 Puerum
648 472 764 520 srnrn
786 472 964 522 smvneuu
987 473 1072 522 n.11.
1222 462 1261 524 29

251 629 378 708 inputari
402 627 459 687 sibi
485 628 590 688 voluit.
633 627 699 705 Ego
721 645 779 686 non
802 628 883 706 potui
904 624 1045 687 maiorem
1067 629 1137 688 tanti
1162 640 1261 690 auoto-

252 715 289 773 ris
318 713 436 773 babere
463 714 674 788 reverentiam,
706 730 792 789 quam
822 711 899 789 quod
923 711 1025 771 laudes
1048 715 1110 773 eius
1133 714 1261 781 dicturus

251 798 443 858 hexametros
470 815 553 857 meos
579 798 668 856 timui.
705 796 787 855 Haec
811 796 1031 875 qualiacumque
1053 806 1133 872 eunt,
1157 797 1262 857 Melior

253 883 424 956 carissime,
455 884 479 941 si
506 881 557 940 tibi
580 881 883 965 nonqduptteuemn,
911 881 1157 959 ate-publicum
1184 883 1260 943 aeci·

253 968 347 1044 piant;
371 967 420 1026 siri
436 967 544 1041 minus,
569 965 672 1027 adme
694 974 887 1024 revertantur.
1128 974 1133 983 ‘

269 1196 271 1201 Ι
315 1125 343 1174 1.
380 1066 567 1175 ablueris
594 1058 738 1173 n‘nlnmi·³
756 1054 1193 1176 nunionrslnnmon'uus.
1273 1156 1276 1161 ·

316 1220 407 1294 Quod
429 1220 481 1281 tibi
503 1221 670 1299 praerepti,
692 1217 819 1294 Melior,
836 1220 969 1281 solamen
989 1220 1105 1297 alumni,
1169 1242 1176 1254 ·

253 1306 400 1385 luprobus
421 1313 488 1365 ante
512 1321 603 1381 rogos
621 1300 656 1363 ¹el
677 1302 771 1363 adhue
793 1304 910 1364 vivente
932 1306 1031 1366 favilla

254 1387 379 1450 Ordior?
410 1389 540 1467 abruptis
563 1390 726 1448 etiamnunc
748 1389 848 1448 flebile
869 1391 952 1448 venis

253 1466 366 1534 Vulnus
389 1473 464 1549 hiat,
485 1491 668 1551 magnaeque
691 1481 771 1550 patet
793 1474 840 1533 via
862 1472 973 1533 lubrioa
995 1475 1111 1553 plagae.

256 1559 350 1633 Quum
371 1559 429 1617 iam
452 1567 570 1635 egomet
592 1567 697 1618 santus
717 1567 751 1616 et.
766 1557 859 1617 verba
880 1559 1030 1637 medentia⁸
1047 1578 1152 1620 saevus
1244 1573 1260 1626 5

255 1644 408 1718 Consero,
432 1652 462 1702 tu
483 1643 617 1720 planetus
640 1642 824 1721 lamentaque
846 1641 933 1703 fortia
954 1645 1056 1721 mavis,
1264 1655 1267 1660 “

253 1728 410 1806 beremae
426 1726 701 1804 ehetynmurduque
716 1728 972 1787 averterisuures-

253 1813 436 1891 intempesta
455 1829 546 1871 sano-e
562 1811 718 1870 eitiusome
740 1813 825 1888 tigris
846 1811 958 1872 abactis
1062 1840 1065 1845 ·
1169 1836 1172 1843 ·

253 1896 397 1958 Fontibus
418 1895 573 1975 orbatique
595 1895 686 1955 velint
706 1895 807 1955 audire
829 1897 943 1957 leones.

252 1981 319 2043 llee
341 1982 367 2040 si
390 1982 582 2058 tergeminum
600 1980 703 2039 Sicula
721 1979 758 2039 de
779 1982 894 2058 virgine
914 1999 1031 2043 earmen
1227 1997 1261 2050 10

254 2067 384 2140 Affluat,
407 2074 455 2124 aut
477 2064 682 2139 silvis-obolus
701 2064 851 2124 intellecta
873 2065 1016 2144 terisque,

253 2150 391 2211 lluleeat·
406 2150 524 2210 insanos
545 2151 683 2226 gemitum
721 2151 784 2208 Stat
805 2159 927 2228 peotore
950 2152 1071 2213 demens
1162 2186 1165 2193 ·

252 2235 378 2310 luctus,
402 2242 439 2292 et·
453 2233 573 2294 admoto·
591 2235 695 2293 latrant
715 2234 890 2312 praecordia
910 2243 999 2294 tastu.

252 2319 348 2381 Nemo
371 2316 705 2393 vetat,-satiare¹malis
725 2318 1060 2395 aegrumque-dolorem
1241 2392 1244 2397 Ι
1316 2386 1319 2391 ,

253 2403 404 2464 Libertate
427 2402 539 2462 doma.-=
563 2401 731 2462 tumulenti
753 2403 873 2480 expleta
894 2401 1053 2481 voluptas?
1086 2428 1099 2435 ⁷·
1228 2417 1260 2469 15

253 2487 354 2549 Iamne
366 2505 481 2566 preses
504 2485 602 2547 lessus
619 2501 681 2545 non
695 2487 862 2563 indignaris
884 2486 1015 2548 amicas?
1249 2502 1252 2507 ·

253 2570 355 2633 Iamne
376 2567 728 2631 oanamt--tacrints-··en
749 2581 863 2632 etmea
884 2574 1010 2633 earmina
1030 2573 1147 2654 inipso

254 2655 316 2716 Oro
333 2665 453 2731 natant,
471 2655 757 2733 tristesqueuearlunt
777 2657 806 2714 in
826 2656 917 2716 uerba
938 2657 1052 2718 liturae.

229 2730 325 2818 'lpse
348 2741 456 2799 etenim
475 2748 572 2800 teorrrn
593 2741 695 2816 nigrae
718 2739 850 2800 solennia
873 2754 1000 2820 pompae

254 2825 485 2902 spectatumque
507 2823 571 2883 urbi
591 2824 690 2884 eoolus
713 2834 742 2884 et
763 2825 877 2903 puerile
898 2826 1044 2886 feretrum
1226 2840 1262 2891 20

254 2908 400 2982 Produxi,
423 2904 533 2968 saevos
550 2908 674 2968 damnati
695 2911 767 2968 turis
788 2926 912 2969 acervos
985 2940 988 2945 ·
1160 2928 1163 2933 ·
1251 2936 1254 2941 ·

254 2992 481 3070 Plorautemque
503 2993 625 3052 animam
644 3011 733 3072 supra
755 3012 807 3053 sue
832 2993 934 3053 funera
955 2994 1026 3067 ridi,

255 3076 360 3154 Teque
385 3085 498 3154 patrum
511 3077 648 3154 gemitus
666 3087 852 3156 superantem
875 3086 904 3136 et
925 3076 1042 3137 breohia
1064 3088 1185 3139 matrum

256 3159 510 3239 Complexumque
529 3177 620 3237 rogos
640 3162 800 3240 ignemque
816 3162 938 3221 bannire
960 3173 1110 3240 parantem

254 3245 314 3305 Vix
334 3245 413 3305 tenui
436 3245 538 3303 similis
560 3246 851 3324 comesoffendique
873 3247 1010 3306 tenendo.
1167 3268 1170 3273 ·
1228 3260 1262 3313 25

255 3329 302 3389 Et.
315 3347 391 3388 nuuc
412 3327 486 3388 beu!
514 3330 770 3389 vittis-et'iroutis
792 3331 904 3390 honore
927 3332 1035 3408 soluto,

255 3412 401 3473 lniaustus
425 3422 526 3488 vates,
548 3431 724 3474 versomea
748 3424 870 3492 pectore
893 3425 1006 3476 tecum:

255 3497 367 3574 Plango
388 3496 467 3572 lyra,
496 3497 603 3558 etdiri
624 3498 757 3558 comitem
781 3502 952 3577 sociumque
974 3502 1097 3578 doloris,

256 3582 287 3640 Si
308 3582 401 3641 merui
424 3583 580 3659 luctusque
599 3583 810 3643 tui-monsontio
833 3586 923 3659 sensi,
956 3624 958 3628 ι

256 3665 315 3725 lam
337 3665 414 3725 lenis
439 3666 691 3744 patiarepreoor.
725 3667 783 3726 llle
805 3667 924 3727 fulmine
945 3670 973 3727 in
996 3670 1060 3746 ipso
1229 3676 1264 3731 30

254 3750 407 3811 Audivere
429 3757 542 3829 patrem
567 3758 624 3828 ego
644 3752 723 3812 iunt'a
743 3752 828 3812 busta
847 3752 975 3831 prolusio
1005 3793 1007 3796 ψ
1063 3782 1067 3787 -
1148 3762 1161 3787 '²
