3134 4434
600 477 801 528 THEBAIDOS
827 474 897 529 ΜΒ.
919 480 957 528 11.

277 637 309 697 ln
327 636 442 696 laevum
462 653 554 715 prona
577 636 660 694 nixus
683 630 769 696 sedet
788 630 912 696 Inachus
929 653 1010 696 urna.

275 721 359 781 lluno
381 720 455 798 tegit
474 718 626 800 Iasiusque
645 738 739 780 senex
755 720 947 801 placidusque
967 720 1148 802 Phoroneus,

276 805 315 866 Et
336 804 463 865 bellator
485 804 566 864 Abas
586 805 808 884 indignatusque
831 805 991 865 Tonantem

276 890 409 950 Acrisius
431 890 566 968 nudoque
583 890 684 949 ferens
703 899 792 970 caput
810 907 882 950 ense
903 887 1069 969 Coroebus,

279 975 435 1054 Tortaque
459 976 515 1034 iam
533 974 625 1035 Danai
646 974 759 1034 lacinus
779 975 942 1035 meditantis
965 976 1076 1053 imago;

276 1059 352 1120 Exin
373 1059 453 1120 mille
472 1059 572 1119 duces.
615 1058 740 1119 Forihus
762 1077 849 1139 quum
867 1060 983 1120 inmissa
1005 1060 1141 1140 superbis

275 1144 357 1205 Unda
379 1144 475 1204 fremit
496 1144 592 1222 vulgi,
617 1160 773 1223 procerum
795 1162 894 1204 munus
915 1146 1007 1204 omnis
1031 1155 1060 1206 et
1081 1145 1140 1206 alto

275 1229 348 1305 Quis
369 1230 491 1308 propior
512 1229 549 1290 de
570 1246 643 1306 rege
663 1228 788 1306 gradus,
810 1237 887 1290 stant
908 1229 1010 1289 ordine
1032 1231 1131 1310 primi;

275 1313 401 1375 Interior
422 1315 515 1374 sacris
535 1313 629 1390 calet,
651 1322 680 1374 et
700 1322 786 1374 sonat
802 1312 868 1375 aula
887 1313 1008 1374 tumultu

277 1399 432 1468 Femineo;
453 1407 533 1459 casta
554 1407 662 1459 matres
682 1398 802 1458 cinxere
824 1414 933 1459 corona

274 1483 451 1561 Argolides,
474 1502 543 1561 pars
561 1482 722 1561 virginibus
743 1483 996 1563 circumundique
1015 1483 1099 1546 lusae

274 1566 409 1629 Foedera
432 1567 587 1628 conciliant
608 1585 685 1627 nova
705 1568 893 1647 solanturque
913 1571 1055 1629 timorem.

337 1652 420 1712 lbant
438 1653 568 1731 insignes
588 1652 727 1731 vultuque
748 1651 904 1733 habituque
925 1653 1055 1713 verendo

274 1735 403 1798 Candida
424 1755 601 1817 purpureum
621 1737 705 1798 fusae
726 1755 818 1816 super
839 1755 890 1799 cra
912 1737 1049 1798 ruborem

273 1822 475 1901 Deiectusque
499 1840 605 1901 genam
627 1823 715 1882 tacite
738 1820 814 1883 subit
834 1823 886 1884 ille
908 1841 1061 1903 supremus

272 1907 454 1985 virginitatis
479 1925 576 1985 amor,
600 1909 769 1988 primaeque
792 1907 934 1968 modestia
961 1908 1066 1987 culpae

275 1989 431 2052 Confundit
451 1992 563 2061 vultus3
585 2001 653 2052 tunc
673 2009 725 2053 ora
745 1994 875 2069 rigantur
896 1991 1028 2053 honestis

273 2076 434 2154 Imbribus,
458 2086 488 2137 et
509 2085 630 2137 teneros
650 2077 787 2137 lacrimae
809 2079 910 2137 iuvere
928 2085 1078 2155 parentes.

272 2159 339 2221 Non
360 2180 447 2222 secus
467 2180 502 2221 ao
523 2177 631 2240 supero
652 2162 762 2241 pariter
783 2163 808 2220 si
830 2161 947 2223 cardine
965 2161 1066 2240 lapsae

272 2245 368 2307 Pallas
390 2255 419 2306 et
440 2246 575 2325 asperior
595 2244 707 2306 Phoebi
728 2262 832 2323 soror,
853 2255 975 2326 utraque
997 2245 1075 2322 telis,

271 2330 401 2410 Utraque
422 2340 505 2392 torva
526 2331 612 2409 genis
633 2330 769 2410 flavoque
792 2331 820 2390 in
841 2332 954 2391 vertice
975 2329 1064 2406 nodo,

272 2415 327 2476 Illa
349 2434 416 2476 snas
438 2413 552 2493 Cyntho
574 2416 696 2476 comites
719 2423 802 2494 agat,
823 2414 898 2476 haec
918 2414 1098 2492 Aracyntho.

274 2500 369 2577 Tunc,
391 2501 417 2560 si
437 2501 482 2561 ias
504 2500 614 2578 oculis,
634 2516 693 2560 non
711 2518 851 2581 umquam·
867 2499 955 2578 longa
975 2499 1083 2561 tuendo

271 2584 437 2664 Expedias,
458 2587 504 2647 cui
524 2587 616 2647 maior
636 2585 745 2662 honos,
767 2588 813 2646 cui
833 2587 960 2665 gratior,
983 2594 1032 2646 ant
1054 2585 1120 2666 plus

269 2669 316 2730 De
336 2670 424 2746 love,
445 2681 626 2750 mutatosque
648 2670 739 2732 veiint
756 2678 937 2733 transumere
956 2670 1062 2748 cultus,

272 2753 310 2815 Et
329 2754 426 2816 Pallas
448 2755 552 2816 deceat
573 2755 726 2837 pharetras
750 2765 779 2817 et
798 2756 885 2818 Delia
908 2757 1044 2832 cristas.⁸

339 2836 459 2899 Gentem
479 2839 589 2899 laetitia
610 2857 795 2918 superosque
816 2841 845 2900 in
865 2849 935 2901 vota
955 2839 1076 2916 fatigant

272 2922 443 2999 Inachidae,
465 2939 542 3002 quae
564 2923 668 3002 cuique
690 2923 793 2984 domus
815 2925 950 3003 sacrique
971 2922 1105 2984 incultas,

270 3007 306 3068 Hi
328 3006 408 3067 libris
430 3008 580 3085 animaque
602 3007 701 3084 litant,
722 3006 752 3068 hi
774 3009 889 3088 cespite
907 3008 995 3085 nudo,

272 3092 335 3153 Nec
356 3092 448 3152 minus
470 3091 557 3152 auditi
564 3136 573 3168 ,
594 3092 619 3151 si
640 3103 722 3151 mens
743 3101 866 3174 accepte
886 3100 1015 3152 meretur

272 3177 349 3238 Ture
371 3176 460 3254 deos,
481 3176 642 3256 fractisque
665 3175 824 3238 obtendunt
844 3177 940 3239 limina
962 3175 1054 3237 silvis.

270 3261 352 3322 Ecce
378 3272 456 3323 metu
478 3260 591 3339 subito,
611 3258 758 3322 Lachesis'
774 3263 817 3322 sic
840 3263 901 3324 dira
920 3258 1051 3338 iubebat,

270 3346 407 3426 inpulsae
428 3356 559 3424 mentes,
582 3364 765 3426 excussaque
788 3348 893 3427 gaudia
914 3347 1016 3427 patris,

270 3430 308 3491 Et
329 3431 442 3493 turbata
462 3432 535 3493 dies.
577 3431 728 3512 lnnuptam
746 3432 853 3494 lumine
874 3430 991 3493 adibant

269 3515 403 3592 Pallada,
423 3515 581 3592 linnyohiis
604 3518 650 3578 cni
671 3534 729 3577 non
750 3518 861 3596 Argiva
883 3534 937 3596 per
960 3513 1050 3576 nrbes

270 3600 438 3663 Posthabita
461 3609 507 3660 est
527 3600 642 3662 Larissa
664 3602 753 3681 iugis;
778 3602 826 3663 hic
845 3618 926 3662 more
948 3609 1097 3683 parentum

269 3683 398 3764 landes,
421 3686 553 3747 thalamis
574 3686 623 3747 ubi
645 3696 724 3748 casta
745 3687 933 3749 adolesceret
953 3694 1045 3764 actas,

269 3770 424 3850 virgineas
445 3770 538 3834 libare
559 3789 658 3834 comas
680 3772 851 3857 primosque
873 3771 1016 3836 solebam
1083 3848 1134 3906 ν
1226 3772 1292 3818 ”³⁸¹⁸
