3134 4434
557 458 757 507 nnnnmnos
779 460 850 506 nne.
872 459 947 507 vrn.
1194 448 1253 536 179

254 615 353 695 Ipsum
376 613 576 676 exhortantem
599 633 708 676 cuneos
731 616 894 694 capitisque
917 617 1035 694 superbi

255 699 401 778 Insignem
423 701 540 778 fulgore
559 699 651 768 videt;
672 719 727 761 nec
750 702 869 777 segnius
892 701 997 761 ardens
1204 710 1256 766 675

255 786 407 862 Accurrit,
427 787 514 846 niveo
535 804 619 864 quam
640 784 800 862 flammiger
822 784 884 844 ales
905 785 981 845 olori

256 870 378 929 Inminet
396 880 425 929 et
447 889 549 948 magna
571 871 712 949 trepidum
737 869 918 946 circumligat
938 869 1048 930 umbra.

321 954 401 1013 Tunc
423 957 517 1034 prior:
541 955 667 1015 ‘Aoniae
688 974 743 1014 rex
764 971 781 1014 ο
804 956 958 1014 iustissime
981 956 1088 1032 gentis,

255 1039 332 1099 lmus
354 1041 382 1098 in
404 1059 481 1100 arma
500 1041 594 1119 palam
609 1041 782 1119 tandemque
804 1039 981 1099 ostendimus
1005 1058 1104 1113 enses,

256 1124 302 1182 An
324 1134 441 1184 noctem
461 1134 490 1185 et
511 1126 612 1186 solitas
631 1125 730 1203 placet
750 1134 910 1203 expectare
932 1121 1107 1185 tenebras‘l'
1204 1136 1257 1190 680

320 1207 375 1268 lllc
396 1209 465 1269 nibil
484 1220 601 1287 contra,
624 1209 677 1269 sed
698 1209 819 1270 stridula
838 1227 945 1269 cornus
965 1212 994 1270 in
1008 1210 1129 1270 bostem

255 1294 281 1354 lt
303 1293 436 1353 referens
454 1296 586 1355 mandata
608 1295 707 1370 ducis,
726 1312 811 1372 quam
835 1294 974 1373 providus
995 1295 1084 1355 beros

256 1377 371 1438 lamiam
393 1380 422 1438 in
444 1379 500 1438 line
523 1382 587 1439 viae
609 1391 778 1458 percussam
802 1378 948 1456 obliquat,
971 1387 999 1439 et
1020 1381 1085 1457 ipsc

257 1462 359 1522 Telum
382 1466 484 1540 ingens
507 1465 590 1525 avide
613 1472 643 1523 et
665 1473 772 1542 quanto
794 1481 853 1523 non
875 1472 940 1523 ante
963 1465 1075 1524 lacerto

255 1546 377 1626 lupulit;
400 1548 460 1608 ibat
482 1559 566 1609 atrox
587 1548 672 1608 finem
694 1549 826 1627 positura
848 1547 948 1608 duello
1204 1559 1256 1612 685

255 1632 380 1692 Lancea.
425 1633 606 1693 Convertere
628 1632 732 1693 oculos
752 1635 895 1711 utrimque
914 1633 1048 1692 latentes

256 1717 367 1777 Sidonii
392 1716 527 1797 Graiique
549 1719 610 1786 dei;
635 1718 761 1778 crudelis
780 1717 886 1794 Erinys

256 1801 359 1862 Obstat
381 1811 409 1860 et
429 1803 544 1863 infando
567 1803 664 1864 differt
685 1802 828 1863 Eteoclea
850 1802 943 1862 fratri.

258 1884 364 1965 Cuspis
384 1889 411 1946 iu
433 1890 606 1965 armigerum
627 1887 787 1966 Phlegram
806 1889 960 1967 peccavit,
981 1887 1031 1946 ubi
1052 1888 1154 1964 ingens

255 1972 353 2048 Pugna
375 1973 481 2041 virum;
504 1975 605 2033 stricto
627 1991 691 2032 nam
712 1975 831 2033 saevior
850 1974 935 2032 inruit
958 1989 1028 2030 ense
1202 1983 1254 2038 690

254 2055 396 2132 Aetolus,
419 2066 558 2136 retroque
578 2058 674 2117 datum
696 2055 991 2142 Tbebanaxtegcbant

255 2139 341 2200 Arma
360 2141 472 2201 ducem.
514 2143 564 2201 Sic
585 2142 674 2201 densa
697 2142 795 2220 lupum
815 2143 870 2201 iam
891 2149 979 2200 nocte
1002 2139 1054 2199 sub
1078 2148 1139 2200 atra

258 2225 348 2284 drcet
365 2226 401 2285 ab
423 2244 569 2304 apprenso
594 2236 741 2304 pastorum
754 2226 847 2286 -turba
868 2227 1006 2292 iuvenco;
1039 2260 1042 2267 ·

255 2310 399 2387 lnprobus
419 2313 540 2388 erigitur
563 2321 679 2386 contra,
701 2329 757 2370 nec
780 2329 849 2371 cura
871 2317 1003 2370 vetantes

255 2393 403 2472 inpetere,
426 2396 516 2472 illum,
540 2396 636 2472 illum,
657 2395 750 2456 semel
771 2397 799 2454 in
822 2413 907 2473 quem
927 2403 1064 2470 venerat,
1084 2405 1179 2473 urget.
1201 2406 1252 2461 695

318 2479 383 2539 Non
405 2499 491 2540 secus
510 2481 640 2542 obiectas
659 2482 740 2541 acies
760 2480 930 2560 turbamque
950 2481 1090 2539 minorem
1187 2546 1190 2551 ,

254 2565 423 2626 Dissimulet
445 2569 605 2645 transitque
627 2585 725 2634 mann;
749 2575 844 2626 tamen
867 2583 917 2626 ora
939 2565 1076 2626 Thoantis

254 2651 378 2710 Pectora
400 2649 555 2727 Deilochi,
578 2648 674 2711 Clonii
693 2651 786 2728 latus,
807 2652 857 2712 ilia
879 2652 955 2711 torvi

254 2734 388 2794 Perierat
402 2734 602 2814 Hippotadae;
625 2737 733 2796 truncis
751 2754 804 2796 sua
825 2735 954 2796 membra
975 2737 1093 2795 remittit

253 2818 398 2878 Interdum
420 2820 581 2899 galeasque
603 2831 680 2881 rotat
701 2838 754 2898 per
772 2819 869 2879 nubila
893 2819 1005 2897 plenas.
1201 2828 1252 2884 700

253 2902 364 2962 Etiam
385 2903 559 2982 corporibus
581 2922 649 2964 sese
669 2905 830 2982 spoliisque
852 2905 1004 2964 cadentum

255 2986 423 3054 clauseram
444 3006 529 3047 unum
546 2989 626 3047 acies
645 2990 753 3049 circum
776 2989 968 3065 consumitur,
992 3005 1077 3047 uirum

255 3071 354 3131 Omnia
376 3072 435 3132 tela
457 3082 576 3141 vovent;
598 3074 715 3133 summis
735 3071 811 3132 baec
833 3073 948 3133 ossibus
968 3072 1100 3147 buerant,

253 3158 324 3216 Pars
346 3157 482 3218 frustrata
504 3157 624 3234 cadunt,
648 3166 759 3236 partem
785 3156 913 3218 Tritonia
934 3158 1027 3233 vellit,

253 3241 342 3301 blulta
365 3244 461 3320 rigent
485 3243 592 3322 clipeo.
635 3242 742 3303 Densis
762 3243 818 3303 iam
841 3244 969 3302 consitus
994 3242 1084 3303 hastis
1198 3254 1249 3310 705

252 3326 403 3387 Ferratum
426 3330 516 3406 quatit
537 3328 624 3388 umbo
647 3345 765 3404 nemus,
789 3338 934 3406 tergoque
956 3327 1064 3388 fatiscit

252 3412 350 3489 Atque
371 3411 497 3472 humeris
518 3413 634 3491 gentilis
656 3430 742 3490 aper;
765 3431 906 3491 nosquam
927 3413 1015 3474 ardna
1036 3417 1101 3475 coni

253 3495 371 3573 Gloria,
394 3499 501 3576 quique
521 3500 634 3577 apicem
654 3507 755 3557 torvae
776 3495 916 3558 Gradivus
938 3497 1065 3561 babebat
1115 3522 1118 3527 ·

253 3579 398 3657 Cassidis,
422 3582 496 3642 hund
518 3583 624 3643 laetum
644 3581 760 3642 domino
782 3582 840 3643 ruit
855 3599 951 3644 omen.
991 3581 1087 3646 lnusta

252 3665 445 3745 Temporibus
466 3668 540 3728 nuda
562 3686 630 3728 aera
653 3667 772 3744 sedent,
794 3669 961 3747 circumque
983 3672 1082 3728 sonori
1197 3679 1250 3731 luo

250 3750 370 3812 Vertice
392 3771 536 3832 percusso
556 3753 710 3815 volvuntur
731 3754 763 3815 iu
783 3771 866 3817 arma
880 3753 1031 3815 molares.
1050 3829 1119 3890 w

987 3883 1011 3919 Ἃ
