3134 4434
575 458 776 508 unuanloos
790 458 869 507 uns.
892 459 930 507 11.
1213 449 1254 508 47

257 615 384 677 Roribus
408 625 438 677 et
459 624 534 678 tetra
555 616 727 676 morientum
749 616 926 697 adspergine
948 624 1072 677 manant.

255 703 295 763 Ut
316 703 382 778 leo,
408 702 456 782 qui
477 703 587 780 eampis
609 700 698 778 longe
721 702 843 762 custode
863 702 964 780 fugato
1202 709 1254 765 675

253 786 398 864 Massylas
420 786 557 865 depastus
577 802 667 862 oves,
689 785 740 846 ubi
761 786 901 864 sanguine
919 785 1009 846 multo

254 872 410 932 luxuriata
432 871 543 947 fames,
567 871 727 949 cervixque
749 880 779 932 et
800 871 869 932 tabe
891 879 1030 949 gravatae

209 979 212 990 ,
257 954 428 1017 Consedere
451 955 553 1032 iubae,
576 954 729 1016 mediisin
752 955 892 1017 caedibus
911 955 1006 1017 adstat

255 1041 377 1118 Aeger,
399 1040 481 1100 hians
501 1041 654 1119 vietusque
677 1039 764 1109 oibis;
787 1058 844 1101 nee
866 1041 922 1100 iam
943 1039 1070 1119 amplius-
1086 1041 1148 1102 irae

257 1122 454 1185 crudescunt:
470 1134 584 1191 tantum
604 1126 706 1185 vaouis
726 1124 795 1186 ierit
817 1143 886 1186 aera
907 1124 1001 1202 malis,
1200 1132 1253 1190 680

254 1209 417 1288 Molliaque
439 1211 533 1270 eieeta
552 1209 691 1270 delambit
712 1209 826 1271 vellera
848 1210 956 1288 lingua.

317 1293 372 1355 llle
394 1295 480 1355 etiam
501 1294 617 1355 Thebas
638 1295 742 1373 spoliis
763 1303 795 1354 et
813 1295 952 1372 sanguine
972 1294 1075 1372 plenus

255 1380 348 1456 isset,
370 1388 400 1439 et
420 1381 547 1439 attonitis
569 1396 638 1439 sese
657 1378 826 1460 populoque
845 1376 971 1458 ducique
1089 1398 1094 1405 ·

257 1464 441 1525 ostentasset
464 1481 569 1540 ovans,
592 1463 688 1540 nitu,
711 1462 841 1524 Tritonia
861 1467 958 1541 virgo,

255 1549 442 1626 Flagrantem
462 1549 608 1628 multaque
630 1549 731 1627 operis
752 1549 879 1626 ealigine
901 1549 1018 1629 plenum
1200 1557 1252 1612 685

257 1632 388 1695 Consilio
409 1633 526 1710 dignata
548 1635 656 1693 virum:
678 1633 761 1693 ‘Sata
782 1641 871 1711 gente
893 1631 1013 1711 superbi

256 1718 391 1794 Oeneos,
415 1717 553 1778 absentes
572 1719 618 1777 oui
638 1717 742 1778 dudum
764 1720 884 1779 vincere
906 1717 1024 1778 'l'bebas
1104 1731 1107 1736 ·

256 1804 431 1879 Annuimus‚
453 1803 509 1863 iam
531 1820 608 1883 pone
630 1802 745 1863 modum
763 1803 937 1882 nimiumque
959 1800 1095 1862 secundis

257 1890 349 1950 Parae
372 1888 449 1948 deis:
473 1887 540 1948 buio
557 1906 614 1948 una
634 1887 708 1948 tides
731 1888 858 1966 optanda
880 1886 984 1948 labori.

256 1974 384 2035 Fortuna
403 1973 472 2032 satis
494 1990 563 2032 usus
583 1972 654 2033 abi!
697 1972 840 2033 Restabat
861 1971 977 2034 acerbis
1199 1979 1252 2034 690

258 2056 422 2118 Funeribus
442 2059 584 2135 socioque
605 2058 690 2135 gregi
712 2073 769 2116 non
791 2065 897 2135 sponte
919 2064 1072 2136 superstes

255 2141 450 2203 Haemonides
471 2176 513 2190 —
531 2141 582 2201 ille
602 2141 678 2202 haee
699 2141 901 2220 praeviderat,
927 2141 1021 2201 omina
1041 2138 1144 2199 doetus

257 2229 355 2288 Aeros
378 2235 407 2286 et
427 2225 505 2286 nulla
526 2225 668 2304 deeeptus
689 2224 726 2286 ab
749 2225 818 2286 alite
839 2259 883 2272 -
899 2222 1014 2299 Maeon‚

256 2312 320 2373 Nee
340 2311 451 2372 veritus
472 2309 630 2389 prohibere
653 2309 765 2370 ducem.
811 2309 870 2371 Sed
891 2310 950 2371 iata
970 2316 1135 2370 monentem

256 2398 413 2458 Privavere
435 2395 510 2465 lide;
532 2397 591 2457 vita
612 2395 793 2456 miserandus
815 2395 899 2455 inerti
1199 2401 1250 2456 695

256 2482 426 2551 Damnatur;
449 2481 564 2560 trepido
587 2479 705 2557 Tydeus
725 2481 833 2541 inmitia
849 2480 979 2542 mandat:

258 2565 410 2647 ‘Quisquis
432 2583 465 2625 os
486 2566 646 2643 Aonidum,
670 2583 756 2645 quem
779 2566 904 2626 crastina
923 2582 1044 2626 munere
1065 2574 1165 2625 nostro

256 2651 388 2719 Manibus
409 2659 574 2730 exemptum
593 2651 697 2711 mediis
719 2667 825 2712 aurora
841 2648 962 2726 videbit,

255 2735 338 2797 Haeo
359 2735 446 2795 iubeo
468 2736 602 2815 perferre
618 2736 699 2797 duni:
721 2737 807 2813 einge
826 2752 938 2813 aggere
961 2743 1073 2814 portas,

258 2820 331 2881 Tela
348 2837 438 2895 nova,
458 2819 580 2897 fragiles
597 2836 672 2880 aevo
696 2820 887 2898 oireumsploe
909 2834 1018 2894 muros,
1199 2829 1253 2884 700

257 2905 419 2981 Praecipue
441 2903 550 2981 stipare
569 2905 650 2962 viros
670 2903 837 2981 densasque
857 2911 1001 2962 memento

258 2988 454 3067 Multiplieare
476 2988 573 3063 aeies,
594 2986 749 3047 fumantem
770 2985 847 3047 buno
866 2985 986 3064 adspiee
1007 2986 1066 3046 late

258 3074 337 3134 Ense
359 3088 424 3132 meo
448 3088 593 3151 eampum:
615 3068 691 3131 tales
713 3073 742 3131 ia
761 3069 842 3132 bella
859 3071 1012 3132 venimus?

320 3156 400 3217 llaee
422 3157 477 3234 ait,
498 3165 528 3216 et
551 3157 671 3216 meritae
692 3155 844 3236 pulobrum
864 3154 915 3216 tibi
930 3154 1027 3215 Pallas
1046 3154 1187 3216 honorem

259 3244 425 3321 Sanguinea
443 3242 479 3303 de
501 3250 602 3319 strage
621 3250 720 3321 parat,
743 3240 940 3320 praedamque
959 3241 1103 3301 iacentem
1198 3249 1251 3306 705

260 3329 429 3406 Comportat
449 3326 579 3404 gaudens
600 3326 786 3405 ingentiaque
809 3335 874 3387 aeta
895 3334 1042 3386 reeenset.

258 3414 392 3489 Quercus
415 3421 476 3472 erat
495 3421 614 3472 tenerae
631 3413 688 3472 iam
706 3411 825 3488 longum
846 3410 937 3471 oblita
958 3411 1092 3472 iuventae

258 3499 378 3576 Aggere
398 3514 563 3575 camporum
585 3496 697 3573 medio,
717 3513 802 3575 quam
819 3495 959 3574 plurimus
977 3495 1064 3556 ambit

257 3581 419 3643 Frondibus
438 3582 564 3642 ineurvis
587 3591 617 3642 et
637 3582 727 3642 erudo
743 3580 858 3642 ¹robore
877 3589 990 3640 oortex.
1200 3646 1203 3653 ,

256 3668 329 3728 Huic
350 3667 434 3727 leves
456 3666 558 3744 galeas
581 3666 776 3747 perfossaque
795 3665 917 3726 vulnere
938 3664 1044 3726 erebro
1199 3671 1251 3728 tuo

256 3753 361 3814 luserit
384 3770 462 3813 arma
483 3750 598 3830 ferens,
619 3751 686 3812 huie
706 3760 825 3813 trunoos
846 3749 956 3813 ictibus
976 3767 1071 3811 enses
