3134 4434
575 467 774 516 nnnamnos
797 457 866 518 ΜΒ.
888 467 935 514 1v.
1209 452 1249 514 85

258 622 470 704 Quinquaginta
491 622 555 685 ilii?
576 626 672 685 cernis
695 622 926 704 Chthoniumque
950 622 1144 702 Chrominque

256 709 433 788 Phegeaque
453 719 483 770 et
504 718 603 770 nostra
626 711 810 790 praesignem
830 707 953 769 Maeona
972 707 1065 768 lauro.

256 793 303 854 Ne
324 795 451 870 saevite,
472 796 580 871 duces,
601 786 739 855 nihil‘hie
757 793 926 854 mortalibus
946 810 1045 852 ausum

258 877 376 940 Credite
397 880 542 940 consiliis:
563 878 618 938 hos
639 880 737 939 ferrea
758 888 879 939 neverat
900 894 990 938 annos
1199 886 1252 942 600

256 963 397 1043 Atropos.
436 962 545 1023 Existis
567 983 667 1025 casus:
691 964 770 1026 bella
792 963 909 1024 horrida
930 961 1025 1035 uobis,

255 1047 354 1129 Atque
378 1050 481 1108 iterum
499 1049 637 1125 Tydeus!
680 1047 775 1126 Dixit,
797 1051 926 1127 vittaque
947 1047 1044 1124 ligatis

254 1132 418 1215 Frondihus
439 1133 578 1194 instantes
600 1132 690 1211 abigit
709 1143 907 1212 monstratque
926 1148 1070 1192 eruorem.

320 1216 420 1279 Stabat
440 1218 524 1298 inops
545 1220 680 1278 comitum
703 1217 807 1294 Cocyti
828 1219 857 1278 in
879 1218 964 1278 litore
984 1223 1098 1276 moesto

254 1301 356 1378 laius,
378 1302 468 1362 inmiti
490 1321 575 1382 quem
596 1305 651 1364 iam
673 1304 745 1365 deus
766 1304 829 1364 ales
851 1303 970 1362 Averno

254 1387 450 1464 Reddiderat,
472 1387 622 1467 dirumque
639 1396 723 1448 tuens
743 1387 862 1467 obliqua
880 1395 1029 1466 nepotem,

254 1471 359 1532 Noseit
380 1472 453 1532 enim
474 1473 572 1549 vultu,
594 1490 653 1533 non
673 1473 724 1533 ille
741 1483 789 1534 unt
810 1472 957 1551 sanguinis
976 1470 1094 1530 haustus

255 1554 364 1617 Cetera
385 1574 439 1616 eeu
462 1557 584 1636 plebes,
606 1558 730 1618 aliumve
750 1556 864 1618 aeeedit
885 1556 921 1616 ad
942 1555 1074 1630 imbrem,

252 1640 410 1701 Inmortaie
433 1643 528 1703 odium
550 1644 672 1721 spirans.
714 1643 774 1705 Sed
795 1642 913 1722 proiicit
934 1640 1009 1701 ultro

254 1726 366 1786 Aonius
388 1736 491 1787 vates:v
510 1726 633 1803 ‘Tyriae
655 1727 712 1788 dux
730 1727 829 1788 inclite
852 1725 981 1800 Thebes,

256 1810 345 1872 Cuius
365 1810 401 1870 ab
424 1810 538 1872 interitu
560 1812 697 1873 nonulla
719 1809 889 1893 Amphionis
910 1827 995 1870 arees

253 1895 333 1956 Vidit
353 1895 444 1957 amieo
463 1896 536 1956 dies.
582 1896 606 1956 0
627 1899 683 1957 iam
703 1898 772 1958 satis
793 1897 853 1958 ulte
876 1903 1025 1956 cruentum

253 1979 380 2041 Exitium
404 1989 433 2041 et
454 1982 571 2041 multum
593 1982 708 2060 placata
728 1980 887 2042 minoribus
903 1980 1013 2055 umbra,

254 2064 337 2139 Quos
357 2064 520 2127 miserande
542 2063 641 2143 iugis?
679 2065 759 2126 lacet
776 2067 827 2126 ille
849 2066 878 2124 in
899 2065 1002 2125 funere
1023 2063 1112 2139 longo

255 2147 348 2222 Quem
366 2151 492 2229 premis,
516 2159 545 2211 et
564 2152 679 2210 iunctae
700 2152 787 2210 sentit
808 2149 931 2210 confinia
951 2149 1063 2225 mortis,

254 2232 373 2294 Obsitus
395 2234 551 2296 exhaustos
571 2235 683 2314 pedore
705 2244 734 2296 et
755 2234 896 2312 sanguiue
917 2233 1013 2294 vultus

255 2316 434 2399 Eiectusque
455 2319 513 2379 die.
555 2320 627 2379 Sors
648 2319 709 2379 leto
731 2320 831 2381 durior
851 2318 937 2394 omni,

255 2401 352 2464 Crede
373 2404 456 2464 mihi:
480 2422 620 2483 quaenam
641 2405 802 2465 inmeritum
819 2406 912 2465 vitare
931 2411 1070 2482 nepotem

255 2485 350 2550 Causa
373 2485 446 2549 tibi?
468 2489 570 2550 oonier
589 2488 715 2567 ruitum,
736 2498 766 2550 et
785 2489 891 2550 satiare
913 2488 1004 2549 litanti

255 2574 418 2653 Sanguine,
440 2584 634 2655 venturasque
657 2576 740 2636 riees
761 2583 792 2635 et
813 2574 915 2634 funera
935 2572 1008 2633 beili

254 2658 351 2720 Pande
371 2659 421 2719 vei
442 2660 586 2737 iniensus,
607 2660 658 2720 vel
679 2678 729 2720 res
748 2660 885 2720 miserate
903 2668 1025 2719 tuorum.

254 2743 335 2804 Tune
353 2749 412 2821 ego
429 2752 459 2804 te
481 2752 580 2823 optata
602 2745 721 2805 vetitam
740 2745 934 2806 transmittere
955 2742 1066 2804 Lethen

254 2828 356 2907 Puppe
377 2826 452 2887 daho
473 2828 676 2908 placidumque
696 2830 745 2907 pia
764 2827 871 2888 tellure
891 2845 1041 2906 reponam,

253 2911 291 2972 Et
313 2911 422 2988 Stygiis
442 2909 583 2972 mundabo
605 2912 691 2971 deis'
729 2911 874 2972 hiuieetur
892 2910 1012 2971 honoris
1167 2982 1170 2989 Ι

248 2994 420 3076 ΙΜυηθτίὺιιε
443 2995 588 3073 tingitque.
604 3008 714 3072 genas,
733 2995 840 3056 dehine
860 2995 929 3055 talia
949 2993 1059 3054 redditi
1079 3013 1082 3019 ·

319 3078 396 3140 ‘Cur
417 3078 469 3140 tihi
489 3081 617 3140 versanti
638 3096 754 3156 manes,
776 3097 926 3158 aequaeve
946 3078 1099 3157 sacerdos,

252 3167 358 3230 Lectus
382 3181 439 3243 ego
460 3165 599 3242 augurio,
620 3164 765 3244 tantisque
787 3165 954 3244 potissimus
975 3162 1084 3225 umbris

254 3251 311 3326 Qui
330 3259 450 3312 ventura
470 3246 593 3327 loquar?
617 3249 687 3309 satis
709 3257 755 3309 est
772 3249 937 3310 meminisse
959 3249 1096 3328 priorum.

253 3336 399 3397 Nostrone
419 3334 579 3415 praeclari,
602 3333 725 3414 pudeat,
749 3333 880 3395 consulta
903 3342 1026 3413 nepotes

255 3417 400 3481 Poseitis?
435 3418 535 3495 iilum,
557 3418 636 3479 illum
658 3420 750 3480 saeris
770 3417 907 3480 adhibete
931 3418 1063 3495 nefastis,

255 3504 312 3579 Qui
333 3505 411 3565 laeto
434 3503 507 3564 fodit
527 3521 598 3564 ense
620 3512 748 3584 patrem,
770 3504 820 3584 qui
839 3511 931 3564 semet
953 3505 982 3562 in
1000 3513 1081 3565 ortus

253 3590 349 3651 Vertit
370 3597 400 3650 et
420 3588 554 3666 indignae
572 3590 683 3666 regerit
706 3607 757 3650 sua
778 3589 902 3670 pignora
922 3589 1014 3648 matri.

253 3673 292 3735 Et
310 3693 385 3734 nuno
405 3673 456 3735 ilie
474 3673 548 3735 deos
568 3673 763 3753 furiarumque
787 3682 848 3734 atra
869 3673 972 3752 tetigus

255 3757 399 3837 Coneiiia,
423 3768 452 3820 et
469 3766 586 3819 nostros
608 3768 695 3840 rogut
714 3759 794 3823 haee
813 3759 846 3821 iu
864 3758 990 3842 proeh‘m
1006 3769 1127 3814 munes.
