3134 4434
301 438 342 502 62
651 450 683 501 o.
705 449 841 501 uremur
860 450 976 502 suurn

303 609 354 671 Sic
375 607 471 688 dedit,
493 607 615 670 effusum
636 605 727 668 chaos
749 608 778 668 in
799 624 874 670 nova
897 609 1006 671 semina
1027 618 1143 688 terrens,

302 696 363 755 Seu
386 695 452 773 quia
472 702 597 755 mumtae
617 702 777 773 nostraque
800 693 836 754 ab
859 695 972 772 origine
989 696 1085 755 versis
1254 709 1310 764 485

304 777 486 858 Corporibus
506 776 626 839 subiere
646 775 758 855 Notos,
781 796 834 838 seu
856 780 957 858 purior
975 781 1038 839 axis
1126 796 1130 803 ·
1163 838 1166 843 .

303 863 495 942 Amotumque
513 861 597 924 nefas
619 871 649 923 ot
669 880 764 922 rarum
786 864 922 923 insistere
941 866 1028 923 terris

302 949 382 1009 Vera
404 948 523 1018 docent;
547 946 600 1007 tibi
621 964 746 1024 summa,
767 957 848 1008 sator
869 957 1025 1027 terraeque
1044 950 1200 1030 deumque,

303 1033 387 1094 Scire
409 1032 496 1094 licet:
516 1049 571 1093 uos
592 1029 754 1109 Argolicae
775 1032 932 1112 primordia
954 1050 1071 1112 pugnae

301 1118 521 1199 venturumque
542 1117 620 1176 sinas
642 1115 730 1176 coelo
748 1133 911 1196 praenosse
932 1116 1074 1178 laborem.
1256 1132 1312 1188 490

302 1203 334 1263 Si
358 1202 441 1263 datur
461 1210 491 1262 et
513 1200 592 1262 duris
612 1200 698 1261 sedet
717 1200 791 1260 haec
813 1203 955 1263 sententia
973 1202 1073 1262 Parcis

303 1288 428 1347 Solvere
452 1283 610 1346 Echionius
629 1284 760 1346 Lernaea
778 1287 900 1366 cuspide
925 1295 1037 1366 portas,

303 1373 393 1450 Signa
413 1370 493 1431 ieras
514 1369 676 1450 laevusque
690 1379 801 1440 ·tones;.
819 1380 887 1432 tunc
906 1372 997 1431 omnis
1020 1374 1048 1431 iu
1069 1374 1155 1432 astris

304 1456 455 1517 Consouet
478 1472 583 1516 aroana
604 1455 733 1516 volucris
754 1454 831 1517 hona
852 1474 995 1516 murmura
1017 1457 1125 1534 lingua.

302 1543 334 1602 Si
357 1539 512 1620 prohibes,
532 1539 581 1599 hie
600 1548 687 1600 necte
707 1557 805 1602 moras
828 1541 998 1620 dextrisque
1021 1541 1193 1620 profundum
1258 1555 1312 1611 495

302 1624 428 1686 Alitibus
449 1633 590 1703 praetexe
613 1624 711 1695 diem!
751 1625 802 1685 Sic
821 1625 913 1700 latus,
936 1634 965 1685 et
983 1625 1043 1686 alto

302 1709 432 1771 Membra
449 1709 529 1769 locat
548 1709 690 1788 scopulo,
712 1717 780 1770 tuuc
800 1710 884 1790 plura
903 1711 1062 1790 ignotaque
1085 1712 1175 1789 iungit

303 1794 423 1855 Numina
446 1803 476 1854 et
496 1792 617 1853 inmensi
635 1793 738 1854 fruitur
759 1794 886 1873 caligine
907 1794 1012 1854 muudi.

367 1879 522 1957 Postquam
544 1878 599 1938 rite
621 1877 669 1938 diu
689 1879 786 1958 partiti
808 1880 905 1940 sidera
928 1889 1048 1940 cunetas

303 1963 464 2041 Perlegerc
483 1963 584 2023 animis
606 1961 759 2042 oculisque
779 1964 954 2044 sequacibus
972 1982 1068 2040 auras,
1253 1977 1307 2030 500

303 2048 385 2109 'lunc
402 2047 610 2124 Amythaonius
631 2046 721 2126 longo
742 2059 812 2129 post
830 2048 964 2128 tempore
983 2058 1082 2109 vates:

303 2133 425 2193 ‘Nonne
446 2131 499 2192 sub
522 2133 645 2194 excelso
668 2135 804 2214 spirantis
824 2134 914 2195 limite
935 2134 1026 2210 coeli,

303 2219 497 2298 Amphiarae,
519 2218 620 2294 vides,
644 2236 747 2279 cursus
768 2220 896 2280 utnulla
918 2235 1040 2279 serenos

304 2304 378 2364 Ales
401 2313 467 2380 agat
488 2302 658 2383 liquidoque
680 2304 778 2383 polum
801 2304 956 2383 complexa
978 2312 1073 2364 meatu

302 2387 446 2464 Pendeat,
469 2396 517 2448 aut
538 2387 653 2465 fugiens
675 2388 822 2468 placabile
845 2388 990 2468 planxerit
1011 2386 1117 2448 omen?
1253 2403 1306 2454 505

302 2473 368 2533 Non
389 2489 488 2532 comes
511 2471 653 2532 obscurus
677 2473 839 2552 tripodum,
862 2490 921 2532 non
940 2471 1065 2533 fulminis
1088 2473 1194 2534 ardeus
1227 2483 1233 2493 ·

301 2556 415 2618 Vector
436 2556 520 2616 adest
537 2554 690 2635 flavaeque
712 2574 819 2617 sonans
841 2559 904 2618 aris
925 2575 999 2616 unca
1021 2556 1182 2633 Minervae,

302 2642 369 2703 Non
389 2641 469 2700 venit
489 2641 617 2718 auguriis
636 2641 756 2719 melior,
778 2643 846 2721 quin
867 2642 965 2702 vultur
981 2650 1011 2702 et
1028 2641 1093 2702 altis

302 2727 441 2805 Desuper
462 2726 619 2805 accipitres
641 2726 812 2788 exultavere
831 2728 951 2808 rapinis.

302 2812 431 2872 lllonstra
447 2810 564 2888 rolant,
586 2810 667 2872 dirae
688 2812 860 2874 stridentia
882 2811 1127 2889 achencheres,
1249 2824 1304 2877 510

299 2897 528 2974 Nocturnaeque
546 2905 665 2976 gemunt
685 2898 794 2976 striges
816 2906 847 2958 et
864 2896 968 2959 leralia
986 2895 1065 2957 bubo
1088 2948 1091 2953 .

301 2982 412 3042 Damna
433 2999 550 3042 canens.
594 2980 677 3056 Quae
695 2985 797 3062 prima.
810 2983 895 3044 deum
914 2991 1049 3064 portenta
1072 2980 1247 3061 sequemur?
1263 3001 1266 3006 ·

301 3066 392 3127 Hisne
413 3065 496 3145 dari,
521 3065 720 3145 Thymbraee,
741 3066 863 3146 polum?
887 3068 971 3128 simul
995 3084 1047 3128 ora
1068 3084 1194 3128 recurvo

302 3150 407 3228 Ungue
427 3160 529 3211 secant
548 3150 668 3213 rabidae
690 3152 895 3232 planctumque
917 3151 1090 3213 imitantibus
1113 3151 1168 3212 alis

302 3233 459 3313 Exagitant
481 3234 634 3315 Zephyros
657 3245 687 3297 et
705 3237 821 3315 plumea
843 3247 966 3318 pectora
987 3236 1135 3298 caedunt’
1250 3251 1303 3307 515

363 3319 417 3380 llle
437 3318 491 3380 sub
512 3320 602 3381 haec:
622 3319 783 3401 ‘Equidem
803 3323 893 3400 aurii,
916 3331 1017 3402 pater,
1041 3324 1135 3381 omina
1156 3321 1270 3384 Phoebi

302 3407 400 3485 Saepe
421 3404 489 3480 tuli,
511 3405 568 3465 iam
586 3411 655 3466 tunc
676 3407 766 3486 prims
790 3424 876 3486 quum
897 3405 975 3486 pube
992 3407 1134 3467 virentem

301 3489 456 3551 Semideos
477 3488 553 3550 inter
573 3490 659 3569 pinus
679 3508 726 3551 rue
748 3491 890 3552 Thessala
913 3508 1002 3569 reges

301 3573 444 3643 Duceret;
470 3573 518 3635 hic
538 3591 624 3636 ossus
641 3584 800 3656 terraeque
819 3578 965 3655 marisque
988 3585 1140 3637 canentem

303 3657 488 3738 Obstupuere
510 3660 614 3731 duces;
636 3679 692 3722 nec
713 3679 760 3722 me
781 3670 902 3722 ventura
923 3661 1022 3722 locuto
1249 3675 1304 3729 520

301 3744 427 3823 Saepius
448 3743 591 3808 indubiis
615 3746 727 3810 auditus
748 3745 846 3809 lasoui
867 3744 999 3827 Mopsus,
