3134 4434
591 482 791 534 mensos
813 482 966 533 mn‚v11.
1218 471 1277 533 159

282 646 341 704 hut
361 643 469 705 vallem
491 651 589 718 cavat,
611 650 660 703 aut
672 640 792 702 medios
813 640 962 720 intercipit
982 652 1091 701 amnes

345 729 410 788 Non
429 745 517 788 secus
538 728 705 806 ingentique
723 727 787 785 viro
813 742 976 805 magnoque
998 734 1135 802 gravatus
1226 730 1278 790 750

283 815 373 876 Temo
395 814 469 890 deo,
492 830 568 872 nuno
587 811 660 888 hoo,
684 828 759 870 nuno
779 809 831 871 illo
853 813 882 870 in
904 813 1043 888 sanguine
1064 811 1170 871 fervet.

282 900 349 978 lpse
370 899 477 958 sedens
497 896 565 956 telis
585 898 752 976 pariterque
771 897 912 956 ministrat
929 895 1052 957 habenis

281 985 401 1060 Delius,
423 983 598 1062 ipse-docet
617 983 710 1041 iactus
731 981 914 1059 adversaque
935 980 1027 1041 flectit

283 1068 402 1147 Spicula
423 1068 624 1145 fortunamque
641 1065 732 1126 hastis
754 1065 938 1126 venientibus
960 1064 1063 1126 aufert.

283 1156 455 1212 Sternuntur
475 1161 572 1211 terrae
589 1151 740 1211 blenaleus
759 1150 870 1229 pedes,
892 1149 1036 1228 Antiphus
1055 1147 1116 1210 alto
1228 1157 1279 1215 ist

282 1237 330 1297 Nil
352 1236 489 1296 defensus
512 1252 605 1313 equo,
628 1237 803 1313 genitusque
823 1234 996 1295 Heliconide
1013 1233 1138 1312 nympha

283 1322 409 1381 Aethion
430 1338 579 1399 caesoque
600 1320 714 1379 infamis
735 1320 825 1380 fr'atre
846 1319 957 1380 Polites

284 1407 469 1483 donatusque
491 1407 564 1464 toris
584 1406 712 1464 vittatam
732 1406 876 1481 attingere
897 1403 996 1465 blanto

282 1491 421 1568 Lampus:
444 1491 472 1548 in
493 1489 568 1549 huno
586 1506 686 1548 sacras
707 1488 842 1548 Phoebus
864 1488 943 1549 dedit
962 1491 1027 1568 ipse
1049 1490 1179 1566 sagittas.

347 1574 385 1634 Et
405 1575 460 1634 iam
483 1574 659 1653 cornipedes
679 1574 793 1651 trepida
812 1591 847 1633 ao
867 1573 1036 1635 moribunde
1057 1573 1195 1635 reflantes
1229 1582 1281 1638 ido

284 1660 417 1737 Corpora
438 1661 574 1719 rimantur
594 1667 705 1734 terras,
730 1660 880 1738 omnisque
902 1676 958 1738 per
977 1668 1056 1719 artus

284 1744 390 1805 Sulous
411 1753 441 1803 et
459 1745 557 1803 incisis
579 1742 667 1802 altum
683 1742 768 1802 rubet
788 1743 881 1803 orbita
902 1744 1049 1803 membris.

282 1829 344 1889 Hos
364 1831 421 1889 iam
440 1829 609 1905 ignorantes
632 1829 700 1887 terit
715 1830 810 1907 inpius
833 1829 912 1904 axis,
933 1837 962 1889 at
983 1828 1025 1888 illi

281 1914 411 1974 Vulnere
431 1914 612 1989 semineces,
635 1930 692 1973 neo
713 1913 844 1973 devitare
866 1913 1002 1990 facultas,

281 1999 441 2058 Venturum
462 2016 552 2076 super
573 2014 626 2057 ora
646 1998 761 2071 vident3
783 2000 839 2059 iam
859 1997 969 2058 lubrica
989 1996 1057 2058 tabo
1230 2005 1280 2060 ‘165

283 2083 394 2159 frena,
416 2100 473 2142 neo
494 2083 586 2142 insisti
604 2082 735 2142 madidus
756 2083 806 2143 dat
826 2090 922 2158 temo,
944 2091 1087 2160 rotaeque

284 2169 431 2247 Sanguine
452 2166 588 2227 difficiles
609 2175 639 2226 et
656 2166 767 2226 tardior
787 2166 895 2244 ungula
917 2167 1006 2226 fossis

282 2252 465 2313 Visceribus.
509 2250 589 2311 'func
611 2252 676 2330 ipse
695 2251 796 2311 furens
816 2253 845 2310 in
865 2258 959 2311 morte
979 2252 1083 2313 relicta

284 2338 403 2417 Spicula
424 2346 454 2396 et
475 2354 491 2395 e
512 2336 617 2396 mediis
638 2344 771 2396 extantes
792 2335 908 2396 ossibus
930 2336 1028 2397 hastas

277 2422 410 2498 duello,
435 2420 556 2481 stridunt
578 2422 689 2481 animae
712 2428 885 2500 currumque
907 2431 1074 2500 sequuntur.
1231 2430 1282 2485 770

348 2506 476 2567 Tandem
499 2524 532 2566 se
551 2505 659 2566 famulo
680 2522 819 2566 summum
840 2506 994 2567 confessus
1016 2506 1141 2586 Apollo:

284 2593 392 2654 ‘Utere
415 2591 482 2652 luce
504 2598 552 2651 tua
573 2591 765 2670 longamque,
791 2593 846 2668 ait,
869 2591 955 2651 indue
975 2592 1089 2669 famam,

284 2679 358 2737 Dum
380 2676 432 2735 tibi
452 2695 499 2735 me
520 2677 646 2736 iunctum
664 2693 744 2736 mors
764 2677 934 2736 inrevocata
954 2686 1082 2737 veretur.

283 2763 445 2821 vincimur:
464 2761 579 2821 inmites
601 2762 660 2820 sois
677 2761 756 2821 nulla
776 2761 933 2821 revolvere
957 2761 1082 2822 Parcas·

285 2847 410 2906 Stamina
417 2864 426 2918 ;
446 2843 521 2904 vade
543 2843 609 2921 diu,
629 2845 747 2924 populis
768 2847 913 2922 promissa
929 2844 1065 2925 voluptas
1231 2852 1282 2908 tts

285 2930 411 3006 Elysiis,
435 2937 517 2989 certe
538 2943 597 2987 non
617 2944 797 3007 perpessure
819 2927 955 2989 Creontis

284 3015 409 3093 Imperia
432 3020 480 3073 aut
498 3013 589 3072 vetito
608 3012 701 3072 nudus
722 3012 844 3072 iaciture
863 3013 1026 3092 sepulcro?

347 3098 403 3158 llle
424 3097 517 3158 refert
537 3106 655 3173 eontra,
678 3106 709 3157 et
729 3096 846 3176 paulum
865 3098 992 3177 respirat
1011 3096 1047 3158 ab
1068 3100 1170 3159 armis:

286 3183 380 3244 ‘Olim
400 3191 445 3260 te,
465 3181 615 3258 Cyrrhaec
636 3190 736 3262 pater,
759 3183 888 3262 peritura
912 3182 1062 3243 sedentem

285 3269 331 3329 hd
351 3270 474 3346 iuga-
490 3269 555 3348 quis
575 3276 670 3328 tantus
689 3268 803 3327 miseris
823 3264 938 3328 honori
954 3300 995 3316 -
1007 3284 1063 3327 axe
1082 3270 1216 3328 trementi
1231 3274 1283 3331 780

285 3355 447 3422 Sensimns;
467 3355 608 3413 instantes
627 3369 754 3432 quonam
775 3370 869 3433 osque
888 3351 1044 3412 morabere
1064 3350 1186 3414 manes?

285 3439 380 3498 Audio
402 3439 457 3497 iam
476 3438 597 3517 rapidae
620 3454 734 3498 cursum
755 3438 855 3516 Stygis
878 3446 999 3516 atraque
1016 3437 1091 3498 Ditis

284 3523 413 3583 flumina
433 3525 671 3603 tergeminosque
692 3522 760 3583 mali
781 3523 910 3583 oudodis
928 3521 1031 3582 hiatus.
1097 3570 1108 3585 ,

286 3608 399 3687 Accipe
417 3610 599 3668 commissum
622 3609 710 3687 capiti
732 3607 841 3683 denus,
866 3608 970 3686 accipe
993 3607 1101 3682 laurus,

285 3693 364 3767 Quas
385 3691 484 3752 Erebo
507 3692 625 3753 deferre
644 3693 737 3755 nefas.
777 3691 862 3755 Nunc
883 3709 960 3752 voce
979 3708 1137 3771 suprema,
1230 3696 1297 3743 ’ἢκ

283 3779 316 3837 Si
337 3797 392 3858 qua
410 3795 569 3840 recessuro
592 3776 719 3842 debetur
741 3778 842 3862 gratia
858 3779 939 3855 vau,
