3134 4434
630 453 807 503 smvnnurr
828 440 860 505 τί.
877 456 900 503 1.

264 609 303 671 Et
324 609 485 670 Parnassus
508 609 618 670 honos:
638 610 681 670 illi
702 610 820 688 Pangea
841 609 983 671 resultant

263 694 435 773 Ismaraque
456 703 486 755 et
509 694 653 773 quondam
674 695 799 772 genialis
823 695 908 755 litora
928 694 1013 754 Naxi.

264 779 349 839 'lunc
368 795 453 839 caras
474 779 567 841 iniere
588 779 686 855 iores,
710 780 868 857 comitique
892 796 1000 839 canoro
1219 792 1270 848 225

263 863 319 924 llic
339 862 463 939 chelyn,
485 863 534 923 hic
556 863 659 923 davum
680 863 832 924 maculoso
853 862 974 924 nebrida
996 872 1092 939 tergo,

263 946 320 1008 llic
340 946 475 1022 thyrsos,
496 947 544 1008 hic
566 947 680 1026 plectra
699 949 806 1008 lerunt.
841 947 896 1008 Illo
918 947 1024 1007 enthea
1044 947 1126 1007 lauro

263 1032 429 1109 Tempora,
452 1030 549 1091 IIinoa
570 1033 679 1092 crinem
700 1034 806 1112 premit
825 1033 877 1093 ille
900 1048 1020 1093 corona.

327 1115 454 1176 Vixdum
475 1117 580 1175 emissa
602 1115 683 1192 dies,
706 1125 737 1177 et
754 1118 811 1176 iam
833 1116 955 1177 socialia
975 1124 1095 1196 praesto

264 1201 385 1277 Omina,
407 1202 463 1260 lam
484 1200 560 1260 festa
579 1200 677 1260 lerret
698 1200 801 1261 domus
823 1210 946 1279 utraque
968 1218 1086 1279 pompa.
1215 1212 1268 1267 230

261 1285 382 1345 Fronde
404 1286 500 1344 virent
518 1293 638 1363 postes,
662 1284 804 1362 effulgent
823 1287 949 1364 compita
967 1285 1099 1362 dammis,

262 1371 302 1431 Et
323 1387 393 1449 pars
411 1370 559 1429 inmensae
579 1368 687 1447 gaudet
709 1369 902 1430 celeberrima
924 1369 1046 1430 Romae.

263 1454 364 1514 Omnis
384 1454 496 1528 honos,
520 1454 617 1513 cuncti
632 1455 751 1514 veniunt
771 1455 807 1515 ad
825 1453 922 1514 limina
943 1453 1061 1529 ltcsces,¹

263 1538 364 1598 Omnis
386 1538 507 1617 plebeio
527 1539 629 1598 teritur
647 1548 801 1618 praetexta
823 1538 959 1607 tumultu;

262 1623 339 1683 Hirro
360 1641 470 1701 eques,
493 1622 560 1682 hinc
579 1623 713 1683 iuvenum
736 1632 824 1683 coctu
846 1622 923 1683 stola
940 1624 1029 1682 mixta
1049 1622 1172 1685 laborat.
1214 1634 1265 1687 235

261 1707 384 1768 Felices
407 1716 548 1785 utrosque
569 1718 692 1784 vocant,
715 1708 768 1768 sed
789 1708 819 1767 in
837 1709 952 1784 agmine
974 1707 1076 1787 plures

260 1791 399 1852 Invidere
417 1791 491 1851 viro.
533 1791 699 1853 Iamdudum
719 1801 807 1871 poste
828 1792 948 1852 reclinis

262 1875 386 1950 Quaerit
404 1874 516 1951 llymen
536 1875 670 1937 thalamis
691 1878 828 1937 intactum
848 1877 949 1937 dicere
972 1893 1098 1953 carmen,

264 1960 331 2034 Quo
348 1969 444 2021 vatem
465 1960 595 2021 mulcere
618 1971 715 2040 quem.
759 1961 818 2022 Dat
838 1960 909 2021 Iuno
930 1962 1059 2022 verenda

261 2045 402 2121 Vincula,
424 2053 455 2104 et
472 2045 602 2122 Insigues
617 2047 744 2122 geminat
763 2043 929 2106 Concordia
946 2046 1057 2107 taedas.
1215 2058 1267 2110 240

262 2129 317 2190 llic
340 2129 394 2188 luit
413 2128 464 2188 ille
486 2129 565 2190 dies:
587 2139 704 2190 noctem
725 2139 810 2191 canat
831 2132 895 2209 ipse
914 2129 1051 2190 maritus?

263 2213 409 2287 Quantum
430 2230 519 2273 nosse
547 2214 631 2290 licet,
655 2216 702 2275 sic.
721 2217 800 2276 ricta
822 2231 933 2293 sopore
952 2213 1057 2274 doloso

261 2297 368 2359 lIartia
390 2298 525 2359 llumiuea
546 2300 645 2379 posuit
665 2298 740 2360 latus
763 2299 816 2360 Ilia
837 2301 912 2377 ripa.

261 2381 329 2442 Non
350 2382 418 2443 talis
439 2384 543 2443 niueos
564 2384 679 2444 strInxit
700 2383 818 2445 Lavinia
840 2384 948 2456 vultus,

262 2465 358 2540 Quum
378 2466 476 2528 Turno
499 2477 655 2547 spectante
675 2467 777 2536 mbet;
799 2487 858 2529 non
878 2467 998 2529 Claudia
1019 2468 1086 2530 talis
1213 2479 1264 2534 245

262 2550 411 2631 Respexit
432 2553 561 2631 populos
581 2562 660 2612 mota
682 2555 738 2613 iam
757 2555 843 2631 virgo
865 2555 972 2614 carina.

326 2635 412 2696 Nunc
431 2654 516 2716 opus,
539 2637 685 2698 Aonidum
703 2640 826 2698 comites
847 2638 1050 2718 tripodumque
1071 2640 1202 2715 ministri,

262 2721 399 2786 Diversis
421 2731 537 2782 certare
557 2722 662 2782 modis.
702 2721 759 2783 Eat
777 2723 883 2784 enthea
904 2724 983 2782 vittis

262 2807 363 2886 Atque
375 2804 503 2866 -hederis
526 2806 660 2867 redimita
680 2807 804 2880 cohors,
827 2817 859 2868 ut
879 2807 973 2886 pollet
993 2810 1092 2868 oranti

263 2888 397 2967 Quisque
419 2890 491 2966 lyra.
534 2890 594 2950 Sed
616 2894 778 2971 praecipue
801 2894 849 2971 qui
870 2891 970 2952 nobile
990 2910 1096 2968 gressu
1215 2902 1267 2954 250

261 2972 405 3034 Extremo
428 2975 566 3035 fraudatis
588 2991 682 3054 opus,
699 2977 773 3037 date
794 2977 920 3037 carmina
941 2975 1026 3036 iestis

262 3057 360 3136 Digna
381 3060 463 3119 toris.
498 3059 665 3138 Hunc'ipse
683 3060 776 3120 choro
794 3060 952 3139 plaudente
975 3059 1103 3120 Philetas

263 3141 520 3223 Callimachusque
541 3162 635 3204 senex
651 3144 824 3224 -Umbroque
845 3144 1015 3223 Propertius
1037 3154 1118 3205 antro

262 3227 435 3287 Ambisseut
456 3229 575 3289 laudare
595 3229 687 3306 diem,
711 3247 768 3289 nec
789 3231 878 3289 tristis
903 3230 932 3289 in
952 3230 1026 3307 ipsis

260 3310 344 3372 Naso
363 3310 463 3372 Tomis
481 3314 624 3392 divesque
642 3314 712 3375 loco
734 3313 852 3374 lucente
873 3313 1014 3374 Tibullus.
1215 3325 1267 3378 255

261 3395 310 3456 lle
332 3406 415 3457 certe
436 3414 495 3457 non
514 3415 586 3457 unus
606 3415 687 3459 amor
711 3398 895 3476 simplexque
915 3399 1037 3460 canendi

263 3477 361 3541 Causa
383 3481 479 3541 trahit.
524 3482 633 3543 Tecum
654 3482 765 3542 similes
788 3484 962 3561 iunctaeque
984 3481 1160 3558 Camoeuae,

262 3565 377 3643 Stella,
400 3566 486 3642 mihi,
512 3568 688 3647 multumque
710 3585 798 3646 pares
821 3567 996 3628 bacchamur
1018 3568 1054 3628 ad
1074 3587 1139 3629 aras

260 3648 300 3711 Et
321 3652 435 3711 sociam
456 3652 552 3712 doctis
572 3652 773 3715 lacrimosas
795 3653 924 3713 amnibus
945 3652 1058 3713 undam.

329 3736 369 3795 m
387 3743 603 3799 tenascentem
617 3739 729 3816 gremio
746 3756 813 3799 moa
828 3739 920 3818 prIma
938 3738 1053 3816 recepit
1216 3745 1269 3802 260
