3134 4434
517 826 563 913 o.
594 830 804 916 runnu
833 796 1012 917 sununs
1071 834 1073 838 ·

346 985 1176 1167 uflnssnuoos

587 1178 822 1295 uronis
860 1184 929 1260 ΠΙ.

332 1426 386 1541 At
406 1495 464 1537 non
482 1476 596 1537 Aoniae
615 1476 782 1539 moderator
803 1477 932 1556 pertidus
954 1477 1049 1555 aulae,

259 1565 356 1628 Nocte
377 1563 430 1624 sub
460 1564 585 1642 ancipiti.
600 1564 731 1641 quanvis
751 1561 933 1623 humentibus
955 1565 1040 1623 astris

260 1649 379 1728 Longus
400 1649 436 1709 ad
459 1666 592 1708 auroram
613 1656 733 1727 superet
751 1647 854 1725 labor,
878 1649 936 1710 otia
956 1650 1049 1708 somni

261 1736 394 1814 Aoeipit3
414 1731 565 1810 invigilant
586 1735 680 1794 animo
702 1731 887 1812 scelerisque
909 1735 1002 1813 parati

261 1820 444 1901 Supplicium
466 1829 608 1880 exeroent
628 1836 731 1888 ourae;
759 1826 828 1881 tune
849 1818 971 1899 plurima
991 1830 1089 1881 versat
1240 1834 1256 1887 5

261 1907 408 1967 Pessimus
426 1903 456 1963 in
477 1903 572 1964 dubiis
594 1921 687 1980 augur
708 1904 807 1962 tirnor:
830 1903 898 1964 ‘Hei
919 1902 1004 1980 milri,
1027 1902 1141 1983 elamat,

262 1990 347 2051 Unde
369 1985 493 2049 morae?
511 2023 554 2032 -
576 2007 641 2048 narn
661 2004 755 2067 prona
775 1996 856 2048 ratus
876 1987 1050 2067 facilemque
1069 1998 1113 2049 tot
1133 1992 1220 2053 aruris

260 2075 379 2151 Tydea,
405 2090 461 2132 neo
482 2090 602 2132 numero
623 2074 758 2132 virtutem
785 2073 963 2151 animumque
985 2073 1130 2153 rependit,
1152 2109 1195 2121 -

260 2159 336 2221 Num
357 2158 441 2235 regio
465 2158 582 2218 diversa
602 2153 689 2217 viae?
712 2175 777 2217 nuru
796 2158 902 2217 missus
923 2155 960 2217 ab
981 2155 1070 2235 Argis
1143 2180 1146 2187 ·

262 2243 398 2306 Subsidio
422 2238 551 2319 globus?
570 2258 607 2302 an
625 2240 749 2301 sceleris
769 2241 837 2302 data
858 2241 933 2303 larua
953 2258 1008 2320 per
1028 2241 1117 2304 urbes
1221 2257 1256 2310 10

260 2324 430 2390 Finitimas?
449 2343 616 2406 pauonem,
639 2335 723 2406 pater
745 2323 886 2402 Gradive,
905 2342 1027 2387 manure
1227 2317 1231 2333 '

259 2414 395 2492 Legimus
414 2409 593 2473 indecores?
614 2411 653 2472 At
675 2412 751 2472 enim
771 2410 944 2473 lenissimus
965 2409 1026 2471 illie
1233 2443 1256 2525 ὦ

260 2499 299 2559 Et
320 2496 467 2586 Q
471 2505 501 2558 et
518 2494 646 2574 Dorylas
665 2505 695 2557 et
716 2496 824 2557 nostris
844 2494 971 2557 turribus
992 2497 1079 2576 aequi
1111 2460 1216 2552 llo*
1270 2457 1344 2518 ’Π

260 2582 444 2661 Thespiadae
466 2591 546 2642 totos
562 2590 701 2662 raperent
721 2580 790 2643 milri
809 2579 937 2643 funditus
958 2578 1067 2658 Argos.

259 2668 324 2728 Nee
346 2677 442 2728 tamen
463 2667 515 2728 ille
537 2667 627 2743 meis,
648 2683 737 2743 reor,
761 2664 980 2746 inpenetrabilis
1000 2662 1119 2743 armis.
1220 2677 1252 2730 15

260 2753 342 2813 Aere
364 2750 472 2828 gerens
494 2748 649 2830 solidoque
670 2751 755 2813 datos
775 2751 926 2813 adamante
948 2750 1087 2826 lacertos,

259 2836 408 2905 Venerat;
426 2833 485 2895 lieu
502 2852 627 2912 segnes,
648 2852 771 2915 quorum
788 2834 873 2897 labor
889 2834 992 2897 haeret
1012 2835 1042 2894 in
1063 2851 1132 2913 uno,

260 2923 293 2984 Si
316 2928 451 2980 conserta
470 2923 593 2979 manns!
635 2919 726 2982 llario
748 2921 791 2981 sio
812 2919 943 2988 turbidus
963 2927 1046 2980 aestu

259 3006 402 3084 ringitur,
420 3021 456 3064 ae
477 3020 546 3065 sese
564 3004 663 3084 culpat
683 3022 772 3086 snper
793 3005 903 3083 omnia,
926 3005 974 3084 qui
995 3020 1053 3065 non

260 3091 397 3152 Orantem
418 3089 446 3148 in
466 3088 570 3150 mediis
591 3089 718 3168 legatum
739 3089 874 3152 ooetlbus
893 3106 965 3150 ense
993 3110 996 3115 ·
1217 3099 1252 3151 20

259 3175 421 3237 Pereulerit
438 3174 602 3253 foedasque
622 3174 719 3254 palam
739 3175 890 3236 satiaverit
911 3174 978 3234 iras.
1086 3193 1091 3201 ·
1158 3236 1161 3242 ,

258 3260 319 3322 laun
340 3258 430 3339 pudet
451 3261 577 3339 incepti,
600 3260 657 3321 iarn
677 3261 818 3341 poenitet.
862 3258 908 3320 Ao
925 3257 1007 3327 uelut
1023 3257 1075 3321 ille

259 3343 408 3408 Fluotihus
427 3343 514 3405 Ioniis
534 3342 679 3407 Calabrae
699 3345 781 3406 (latus
802 3343 911 3405 arbiter
934 3342 1005 3405 aluo·

257 3431 322 3492 Neo
340 3430 418 3491 rudis
439 3430 593 3508 undarum,
617 3439 720 3511 portus
741 3428 795 3489 sed
816 3427 948 3508 linquere
970 3429 1078 3491 anneus

257 3516 360 3577 Purior
382 3513 476 3574 Olenii
498 3513 606 3576 frustra
624 3513 733 3593 modus
754 3512 858 3593 inpulit
877 3512 959 3589 astri,
1213 3519 1255 3581 25,

258 3600 352 3675 Quum
371 3598 472 3677 lragor
492 3597 606 3661 hiberni
624 3598 736 3661 subitus
755 3598 853 3675 lovis,
875 3597 970 3659 omnia
989 3595 1086 3657 mundi
1120 3636 1123 3643 »
1223 3626 1226 3633 =

257 3683 392 3747 Claustra
413 3691 513 3745 tonant
533 3682 698 3767 multusque
716 3683 805 3766 polos
829 3681 958 3755 tulino,
970 3679 1120 3817 (mma

292 3787 429 3831 suerrus
446 3788 482 3830 11.
