3134 4434
284 422 326 484 to
618 431 651 480 5.
680 430 816 480 aarum
835 430 951 482 suasu

287 592 368 653 Pone
389 587 489 667 gravis
511 603 616 649 omres
636 586 793 670 perfringit
814 590 917 651 lancea
937 597 1045 650 costas.

285 675 355 738 Exit
376 683 406 735 et
424 675 454 733 in
474 673 610 751 matrem,
634 685 818 755 cognataque
840 685 963 754 pectora
984 675 1044 735 telo

288 759 439 827 Conserit3
462 758 514 818 ille
537 757 640 820 oeulos
660 761 814 821 etiamnum
835 761 864 819 iu
884 759 951 821 luce
972 767 1104 820 natantes

288 845 368 907 Sistit
388 853 418 904 ct
439 843 580 922 adspecta
601 846 732 922 germani
752 854 847 905 morte
868 844 1000 904 resolvit.

287 931 327 990 At
349 930 396 989 oui
413 929 473 989 vita
490 944 597 988 reeens
619 937 649 989 et
670 928 765 989 adbuc
787 930 816 987 iu
834 927 957 988 vulnere
977 929 1071 987 vires:
1237 937 1291 992 640

287 1014 362 1076 ‘llos
380 1012 434 1074 tibi
457 1012 647 1091 complexus,
668 1012 743 1074 baec
765 1012 850 1090 dent,
873 1012 930 1090 ait,
952 1012 1055 1073 oscula
1076 1014 1157 1072 nati.⁹

287 1098 474 1161 Procubuere
494 1114 582 1175 pares
605 1097 688 1175 iatis,
710 1097 879 1158 miserabile
901 1107 998 1158 votum

286 1182 403 1260 llortis,
426 1190 457 1242 et
476 1181 588 1243 alterna
609 1181 774 1252 clauserant
794 1182 899 1242 lumina
920 1183 1033 1243 dextra.

350 1267 483 1329 Protinus
504 1266 582 1327 idem
603 1266 680 1328 ultro
702 1267 799 1329 iaculo
818 1284 977 1347 parmaque
999 1264 1165 1326 Menoeten

285 1350 475 1413 Proterrehut
495 1367 604 1429 agens,
625 1353 748 1431 trepidis
768 1353 893 1429 vestigia
914 1360 993 1411 retro
1236 1361 1289 1416 645

286 1437 423 1498 Passibus
442 1445 610 1513 urgentem,
632 1435 728 1497 donec
749 1436 859 1498 deiecit
878 1437 975 1516 iniqua

286 1522 398 1601 Lapsus
419 1520 521 1597 burno,
545 1522 712 1601 pariterque
733 1538 833 1582 manus
851 1521 1006 1582 distraetus
1027 1521 1056 1579 in
1078 1519 1177 1580 ambas

287 1605 358 1667 Orat
377 1615 407 1666 et
428 1624 445 1666 a
464 1605 564 1683 iugulo
581 1607 719 1666 nitentem
741 1607 864 1666 sustinet
885 1605 1011 1666 hastam:

351 1690 454 1750 ‘Parce
474 1707 530 1768 per
547 1689 600 1751 has
618 1689 712 1750 stellis
731 1689 971 1751 interlabentibus
992 1688 1118 1763 umbras,

286 1776 342 1836 Per
365 1792 488 1855 superos
508 1783 683 1854 noctemque
704 1785 798 1844 tuam;
821 1777 902 1851 sine,
925 1776 1018 1835 tristia
1031 1773 1147 1848 ,Thebis
1236 1785 1291 1838 656

286 1859 407 1920 Nuntius
430 1867 495 1919 eota
516 1858 608 1921 ieram
627 1859 767 1937 vulgique
788 1876 844 1937 per
866 1876 917 1919 ora
937 1861 1071 1939 paventis

288 1942 462 2022 Contempto
484 1951 514 2004 te
535 1962 608 2022 rege
631 1961 748 2005 canam:
769 1944 813 2004 sic
835 1945 919 2004 inrita
941 1945 1027 2004 nobis

287 2028 360 2091 Tela
382 2028 501 2106 cadant,
520 2028 650 2108 nullique
671 2037 749 2090 tuum
771 2028 954 2107 penetrabile
972 2030 1053 2091 ferro

286 2114 410 2190 Pectus,
433 2123 463 2175 et
485 2115 596 2194 optanti
616 2115 711 2175 victor
731 2113 882 2174 reveharis
905 2117 1023 2174 amico?

349 2198 481 2259 Dixerat.
524 2198 580 2260 llle
602 2199 672 2260 uilril
689 2199 798 2260 vultum
818 2207 939 2260 mutatus
959 2199 1075 2260 ε155555
1234 2207 1290 2262 655

285 2284 405 2360 Perdis,
428 2286 483 2359 ait,
505 2283 656 2361 lacrimas,
679 2294 710 2345 et
730 2292 777 2361 tu,
800 2285 829 2344 ni
850 2284 955 2362 iallor,
977 2284 1075 2363 iniquo

285 2369 436 2430 Pollicitus
457 2386 521 2428 mea
545 2368 622 2429 oolla
645 2369 725 2429 duoi:
749 2386 825 2428 nunc
847 2385 926 2428 arma
947 2369 1081 2447 diemque

233 2481 235 2486 ·
284 2454 403 2521 Proice3
428 2451 496 2530 quid
518 2453 652 2531 sequeris
674 2453 791 2513 timidae
812 2452 985 2532 compendia
1006 2450 1108 2513 vitae‘l

284 2536 367 2597 bella
388 2539 527 2595 manent!
567 2537 657 2597 Simul
678 2536 770 2613 haee,
795 2545 825 2596 et
846 2554 975 2596 erassum
992 2539 1132 2614 sanguiue
1148 2537 1238 2597 telum

285 2621 346 2682 lant
367 2620 457 2688 redit;
483 2620 534 2680 ille
557 2638 647 2700 super
668 2620 752 2682 dietis
776 2620 907 2680 infensus
930 2624 1035 2682 amaris
1233 2631 1289 2685 666

284 2705 474 2784 Prosequitur
492 2705 603 2765 victos:
629 2704 708 2766 ‘Nou
723 2704 799 2766 haee
819 2707 968 2767 trieterica
988 2706 1074 2767 vobis

283 2789 351 2852 Nox
373 2791 468 2870 patrio
491 2790 528 2851 de
548 2807 630 2851 more
651 2791 748 2868 venit,
768 2807 827 2851 uon
850 2789 939 2869 Orgia
965 2788 1064 2852 Cadmi

284 2875 427 2952 Cercitis,
449 2884 498 2936 aut
518 2875 619 2936 avidas
639 2873 785 2937 Bacchum
804 2874 954 2937 scelerare
972 2887 1120 2957 parentes.

282 2959 427 3021 Nebridas
446 2969 476 3020 et
494 2960 617 3038 fragiles
636 2961 754 3038 thyrsos
775 2958 897 3039 portare
913 2964 1034 3042 putastis

284 3044 427 3105 inbellem
447 3045 484 3106 ad
505 3046 644 3123 sonitum,
667 3044 852 3125 maribusque
872 3047 1018 3125 incognita
1039 3048 1118 3106 veris
1233 3055 1287 3110 656

283 3129 383 3190 Foeda
405 3127 552 3190 Celenaea
574 3133 753 3192 committere
771 3130 885 3211 proelia
909 3129 1012 3193 buxei

283 3214 337 3276 Hic
356 3213 431 3274 aliae
452 3214 577 3290 caedes,
598 3215 670 3275 alius
693 3216 790 3277 iuror:
812 3218 853 3276 ite
874 3215 928 3276 sub
950 3215 1067 3276 umbras

284 3298 309 3359 0
330 3297 419 3358 timidi
439 3297 617 3378 pauciquel'
649 3299 731 3360 llaec
748 3302 875 3362 intonat:
897 3309 943 3360 ast
963 3310 1058 3361 tamen
1078 3297 1119 3358 illi

281 3382 412 3444 Membra
433 3391 558 3461 negant,
583 3383 736 3463 lassusque
757 3385 826 3446 ierit
846 3385 1018 3464 praecordia
1038 3385 1165 3462 sanguis.

281 3469 341 3530 lam
360 3467 474 3529 sublata
496 3485 596 3528 manus
616 3485 718 3530 cassos
740 3470 871 3531 delertur
891 3470 921 3529 in
942 3471 1027 3546 ictus,
1231 3477 1285 3537 sto

283 3552 457 3632 Tardatique
479 3552 603 3630 gradus,
626 3553 752 3633 elipeum
771 3572 829 3614 neo
850 3554 973 3614 sustinet
991 3551 1085 3615 urnbo

281 3637 419 3699 lllutatum
441 3637 559 3718 spoliis,
580 3637 696 3716 gelidus
717 3639 795 3700 eadit
815 3638 908 3699 imber
931 3639 1037 3700 anhelo
1101 3641 1104 3650 '

281 3721 424 3803 Pectore,
445 3733 502 3785 turo
525 3724 620 3786 crines
638 3725 825 3805 ardentiaque
847 3741 899 3787 ora
919 3727 1046 3787 eruentis
