3134 4434
304 411 345 473 86
642 422 673 470 Ρ.
695 421 829 470 raanan
851 420 967 471 annun

306 578 419 654 Quodsi
437 577 512 639 adco
535 577 633 658 placui
652 575 786 639 deflenda
805 577 834 639 in
855 587 988 658 tempora
1003 587 1106 656 uates,
1263 591 1309 648 666

303 664 405 725 Dicam
427 661 574 740 equidem,
597 679 655 742 quo
677 680 724 723 mc
744 661 898 740 Lachesis,
922 680 979 743 quo
1002 671 1086 723 torua
1105 663 1257 743 Megaera

300 749 406 828 Usque
431 748 540 809 sinunt:
558 746 666 809 bellum
685 747 834 808 innumero
854 749 934 808 venit
957 746 1080 827 undique
1104 749 1226 813 bellum

304 833 447 911 Agmine,
469 831 677 911 Lernaeosque
698 830 785 893 trahit
805 831 900 894 latalis
921 832 1052 894 alumnos

305 918 446 979 Gradivus
468 917 606 986 stimulis;
629 917 684 977 hos
702 925 801 978 terrac
821 926 950 980 monstra
969 916 1116 997 deumque

305 1002 376 1063 'lela
398 1010 513 1062 manent
531 1000 704 1081 pulchrique
727 1000 823 1062 obitus
847 1011 875 1062 et
897 1001 932 1062 ab
950 1003 1018 1080 igne
1038 1021 1184 1081 supremo
1266 1014 1313 1070 640

305 1090 412 1150 Sontes
437 1087 506 1164 lege
528 1103 638 1147 morae.
682 1084 770 1147 Certa
793 1096 845 1147 est·
858 1087 980 1147 victoria
999 1086 1120 1163 Thebis,

303 1172 349 1233 Ne
371 1170 500 1250 trepida,
522 1188 579 1232 nec
599 1188 691 1248 regna
712 1169 799 1232 ferox
816 1188 971 1248 germanus
995 1170 1126 1233 habebit.

304 1256 365 1318 Sed
384 1255 475 1316 furiae
495 1255 698 1334 geminumque
718 1254 802 1316 melas
823 1257 1006 1334 miserosque
1029 1274 1195 1335 perennes

303 1341 359 1403 llei
380 1339 460 1400 mihi!
484 1339 612 1402 crudelis
631 1341 729 1401 vincet
750 1342 857 1419 pater.'
898 1339 979 1401 Haec
1000 1340 1049 1402 ubi
1068 1339 1159 1420 fatus,

305 1426 422 1489 habitur
445 1434 475 1486 et
495 1423 571 1486 dena
591 1422 694 1487 dubios
716 1424 838 1503 ambage
855 1424 983 1504 reliquit.
1262 1438 1310 1496 545

367 1511 482 1571 Interea
504 1510 631 1588 gelidam
648 1507 780 1570 Nemeen
803 1517 832 1569 et
854 1510 973 1570 conscia
995 1508 1090 1571 laudis

303 1594 469 1656 Herculeae
491 1595 606 1656 dumeta
626 1611 702 1672 vaga
722 1593 841 1672 legione
860 1593 998 1655 tenebant

303 1679 474 1749 Inachidae;
496 1681 552 1740 iam
574 1679 708 1740 Sidonias
729 1687 865 1740 avertere
887 1677 1024 1758 praedas,

306 1766 463 1841 Sternere,
484 1763 563 1824 lerre
582 1762 687 1824 domos
707 1762 809 1825 ardent
829 1766 1004 1843 instantque.
1046 1761 1118 1838 Quis
1141 1765 1205 1828 iras

303 1847 451 1926 Flexerit,
474 1848 549 1910 unde
569 1865 686 1925 morae,
708 1848 819 1909 medios
841 1849 905 1928 quis
927 1847 1060 1908 euntibus
1081 1867 1179 1929 error,
1262 1845 1312 1920 666

304 1932 440 2010 Phoebe,
464 1931 554 1994 doce:
572 1950 627 1993 nos
646 1950 712 1994 rara
732 1942 847 1995 manent
867 1932 988 1995 exordia
1008 1933 1112 1994 lamae.

366 2017 511 2079 Marcidus
532 2017 658 2080 edomito
680 2016 791 2078 bellum
811 2017 962 2079 referebat
982 2017 1018 2078 ab
1040 2017 1153 2080 Haemo

302 2102 406 2180 Liber,
429 2101 468 2162 ibi
489 2101 642 2164 armiferos
662 2104 797 2182 geminae
818 2104 872 2164 iam
894 2102 991 2164 sidere
1012 2101 1130 2164 brumae

304 2188 394 2266 Orgia
416 2187 494 2248 ferre
520 2187 608 2250 Getas
631 2206 791 2268 canumque
813 2189 964 2249 virescere
985 2187 1073 2248 dorso

304 2273 414 2349 Othryn
437 2282 465 2333 et
486 2271 578 2334 lcaria
601 2272 768 2353 Rhodopen
785 2281 956 2334 assueverat
974 2271 1084 2350 umbra,
1257 2287 1308 2345 666

302 2356 341 2419 Ει
363 2359 419 2417 iam
437 2358 608 2437 pampineos
628 2366 757 2418 materna
779 2358 816 2419 ad
837 2358 952 2418 moenia
976 2375 1077 2418 currus

301 2442 473 2510 Promovet;
496 2439 626 2503 effrenae
643 2442 747 2502 dextra
765 2440 911 2521 laevaque
930 2451 1088 2521 sequuntur

302 2525 433 2602 Lynces,
455 2534 484 2585 et
508 2526 564 2586 uda
584 2543 665 2586 mero
687 2524 815 2586 lambunt
834 2526 996 2587 retinacula
1017 2527 1119 2605 tigres.

303 2610 374 2671 Post
397 2609 560 2671 exultantes
582 2610 676 2690 spolia
696 2609 864 2671 armentalia
885 2619 1003 2689 portant

304 2696 535 2774 Seminecesque
558 2693 644 2775 lupos
666 2695 835 2773 scissasque
860 2693 1042 2757 Mimallones
1064 2714 1158 2759 ursas.
1257 2709 1308 2767 666

302 2779 368 2842 Nec
391 2779 543 2840 comitatus
564 2779 660 2858 iners,
682 2788 747 2840 sunt
768 2779 831 2840 illic
852 2780 898 2841 lra
919 2778 1082 2859 Furorque,

237 2901 238 2904 =
302 2862 341 2926 Et
362 2863 457 2926 Metus
479 2874 509 2925 et
529 2863 628 2927 Virtus
649 2874 680 2926 ct
700 2882 852 2944 numquam
870 2865 985 2926 sobrius
1004 2864 1112 2943 Ardor,

303 2950 498 3029 Succiduique
518 2950 626 3029 gradus
647 2960 676 3013 ct
697 2959 793 3012 castra
815 2951 1051 3028 simillimaregi.

302 3034 391 3114 Isque
412 3034 473 3095 ubi·
486 3035 626 3115 pulverea
646 3034 778 3097 Nemeen
799 3035 944 3099 effervere
963 3034 1041 3096 nube

306 3118 473 3200 Conspicit,
497 3129 527 3181 el
547 3120 641 3182 solem
661 3119 750 3182 radiis
769 3120 925 3198 ignescere
947 3119 1028 3196 ferri,
1252 3133 1304 3190 565

301 3203 434 3265 Necdum
454 3205 632 3284 compositas
650 3204 722 3266 belli
741 3205 770 3265 in
794 3205 949 3267 certamina
970 3203 1100 3273 'lhcbam

304 3288 471 3349 concussus
493 3291 773 3370 visis,quanquam
793 3308 846 3351 ore
867 3298 897 3351 et
918 3298 1041 3370 pectore
1062 3298 1185 3368 marcet,

302 3373 441 3452 Aeraque
460 3382 653 3454 tympanaque
671 3383 701 3435 et
720 3374 845 3436 biforem
866 3375 994 3435 reticere
1016 3374 1166 3435 tumultum
1198 3401 1200 3405 ¹

302 3459 446 3538 Imperat,
470 3459 605 3520 attonitas
627 3460 675 3539 qui
697 3460 806 3521 circum
826 3459 966 3539 plurimus
983 3477 1079 3520 aures.

302 3544 400 3622 Atque
422 3543 475 3603 ita:
498 3542 563 3603 ‘Me
582 3562 682 3604 manus
700 3545 755 3606 ista
769 3562 920 3624 meamque
935 3543 1093 3604 excindere
1109 3552 1230 3620 gentem
1249 3555 1303 3613 670

304 3629 451 3707 llpparat;
476 3636 505 3688 et
524 3627 612 3707 longe
634 3628 747 3691 recalet
768 3627 867 3698 luror;
887 3626 945 3688 hoc
962 3628 1030 3688 mihi
1047 3646 1166 3690 saevum

302 3713 402 3792 Argos
425 3721 454 3774 et
471 3711 626 3776 indomitae
645 3713 754 3777 bellurn
775 3714 836 3776 ciet
855 3713 898 3775 ira
914 3729 1071 3783 novercae.
