3134 4434
601 484 803 536 maamos
825 486 896 536 cra.
917 486 953 536 x.
1229 476 1288 539 211

284 643 438 722 Explicat;
465 652 495 702 et
516 643 632 721 penitus
653 659 834 722 quacumque
857 644 1028 724 supervolat
1049 643 1161 722 orbem,

285 728 432 805 Languida
454 727 491 787 de
513 726 644 807 scopulis
666 728 762 789 sidunt
782 728 875 804 freta,
898 729 1009 807 pigrius
1030 729 1152 791 haerent
1186 754 1189 763 ·

285 812 408 889 Nubila,
431 812 583 872 demittunt
604 820 735 873 extrema
758 814 906 874 cacumina
927 813 1031 890 silvae,

285 897 430 976 Pluraque
451 896 549 957 laxato
576 897 745 957 ceoidemut
765 898 863 959 sidera
884 898 982 959 coelo.

349 982 461 1042 Primus
483 981 590 1041 adesse
611 980 696 1041 deum
716 981 811 1043 subita
833 982 959 1060 caligine
981 984 1073 1044 sensit

287 1065 429 1144 Campus,
453 1073 482 1125 et
502 1066 668 1126 innumerae
689 1084 781 1127 voces
802 1066 993 1147 fremitusque
1011 1071 1139 1128 uirorum

286 1151 455 1212 Submisere
476 1167 593 1219 sonnm;
615 1169 702 1229 quum
722 1169 795 1212 vero
817 1151 999 1212 humentibus
1021 1153 1076 1213 alis

285 1234 434 1311 Incubuit,
458 1236 601 1314 piceaque
623 1234 699 1296 haud
720 1254 854 1315 nmquam
873 1237 992 1298 densior
1011 1236 1112 1298 umbra

287 1317 391 1380 Castm
412 1318 505 1395 subit,
528 1338 629 1380 errare
650 1320 728 1381 oculi
749 1321 940 1401 resolutaque
963 1321 1052 1398 colla,

286 1403 325 1464 Et
345 1404 440 1464 medio
460 1403 546 1464 allatu
568 1403 659 1465 rerba
680 1404 843 1484 inperfecta
864 1405 999 1486 relinqui.
1093 1434 1096 1439 ·

285 1487 357 1548 blox
378 1497 408 1548 et
430 1487 578 1566 fulgentes
598 1488 713 1568 clipeos
735 1497 765 1550 et
786 1507 876 1550 saeva
895 1493 1043 1551 remittunt

286 1573 348 1633 Pila
369 1590 470 1649 manu,
498 1573 628 1651 lassique
650 1575 756 1635 cadant
775 1575 805 1634 iu
827 1584 950 1654 pectora
972 1575 1078 1636 vultus.

285 1655 325 1718 Et
347 1659 403 1718 iam
422 1665 525 1718 cuncta
547 1659 648 1719 silent:
671 1659 728 1738 ipsi
751 1659 807 1719 iam
829 1667 908 1720 stare
929 1669 1066 1721 recusant

287 1740 488 1822 Comipedes,
509 1745 592 1822 ipsos
612 1741 723 1804 subitus
746 1744 819 1804 ciuis
840 1743 957 1805 abstulit
973 1745 1068 1822 ignes.

350 1826 390 1887 At
412 1844 470 1887 non
491 1836 521 1888 et
542 1827 665 1906 trepidis
688 1828 790 1889 eadem
811 1846 904 1908 sopor
926 1830 984 1890 otia
1007 1824 1100 1891 Graiis

285 1913 412 1988 Suadet,
436 1920 503 1972 eta
525 1912 628 1972 iunctis
649 1922 732 1973 arcet
753 1932 807 1974 sua
830 1913 927 1974 nubila
950 1915 1066 1974 castris·

285 1996 440 2073 Noctivagi
462 1997 506 2056 uis
526 1996 631 2058 blanda
653 1997 717 2073 dei,
740 2006 816 2058 stant
835 1998 961 2075 undique
983 1998 1012 2058 in
1034 1999 1120 2058 armis

283 2080 414 2142 Foedam
435 2080 616 2159 indignantes
636 2090 752 2141 noctem
772 2083 938 2161 vigilesque
960 2081 1114 2161 superbos.

283 2165 366 2227 Ecce
387 2183 497 2244 repens
517 2166 632 2244 superis
654 2167 775 2227 animum
799 2165 1011 2246 lymphantibus
1030 2165 1145 2227 horror*

285 2250 493 2311 Thiodamanta
516 2249 609 2326 subit,
636 2250 877 2330 formidandoque
900 2251 1021 2311 tumultu

286 2335 418 2396 Pandere
440 2334 499 2396 iata
521 2333 618 2411 iubet,
641 2336 705 2395 sive
726 2335 801 2395 hanc
819 2337 952 2397 Saturnia
972 2342 1108 2411 mentem,

285 2421 356 2481 Sive
377 2437 482 2480 novum
504 2421 638 2481 comitem
659 2419 753 2481 honus
774 2419 930 2498 instigabat
950 2419 1070 2499 Apollo.

285 2505 402 2565 Prosilit
424 2505 453 2564 in
473 2505 603 2582 medios,
627 2505 692 2565 risu
713 2505 868 2585 audituque
891 2505 1058 2566 tremendus

284 2589 491 2668 lnpatiensqne
511 2589 575 2665 dei,
597 2589 694 2668 fragili
717 2608 803 2669 quem
823 2599 918 2652 mente
940 2588 1091 2668 receptam

284 2673 352 2734 Non
374 2676 466 2752 capit;
492 2673 635 2735 exundant
655 2675 779 2753 stimuli,
803 2677 954 2754 nudusque
976 2692 1031 2754 per
1051 2691 1104 2734 ora
1148 2716 1151 2723 -

285 2759 351 2819 Stat
370 2759 451 2819 furor
473 2767 502 2818 et
521 2759 650 2838 trepidas
671 2761 783 2820 incerto
807 2761 949 2837 sanguine
968 2758 1064 2819 reddit

285 2840 484 2920 Exhauritque
506 2860 614 2919 genas,
636 2845 717 2904 acies
741 2843 799 2904 hue
817 2853 895 2904 errat
916 2852 947 2903 et
966 2842 1038 2902 illuc

286 2929 430 3005 Sertaque
451 2927 539 2985 mixta
560 2927 652 2987 comis
673 2944 776 3006 sparsa
797 2931 916 2989 cervice
937 2925 1078 3004 flagellat.

286 3012 336 3071 Sic
356 3010 472 3088 Phryga
491 3006 628 3070 terrificis
648 3013 783 3089 genetrix
803 3011 891 3094 ldaea
912 3019 1061 3072 cruentum

285 3094 375 3156 Elicit
397 3113 435 3155 ex
457 3094 550 3170 adytis
573 3105 802 3175 consumptaque
821 3095 940 3158 bmohia
958 3095 1038 3156 ferro

286 3181 370 3241 Scire
392 3188 486 3248 vetat;
517 3181 608 3258 quatit
627 3180 679 3241 ille
700 3183 852 3242 eucrasia
871 3189 994 3261 pectora
1015 3181 1098 3259 pinus

286 3264 527 3344 Sanguineosqne
549 3273 626 3325 rotat
648 3266 745 3326 crines
767 3275 798 3327 et
819 3266 940 3327 vulnera
963 3282 1049 3326 eursu

285 3349 452 3410 Exanimat:
476 3358 565 3430 pavet
585 3350 677 3410 omnis
698 3369 772 3428 ager
791 3367 989 3431 respersaque
1012 3349 1112 3411 cultris

286 3433 400 3509 Arbor,
424 3442 454 3494 et
473 3435 586 3496 attoniti
606 3452 720 3496 curmm
742 3453 869 3498 erexere
888 3434 1001 3496 leones.
1231 3445 1281 3501 llo

347 3518 472 3579 Ventum
491 3521 528 3581 ad
550 3520 668 3581 concilii
689 3521 842 3599 penetrale
863 3520 1037 3599 domumque
1056 3520 1213 3582 verendam

284 3606 455 3682 Signorum,
478 3606 588 3683 magnis
609 3604 659 3665 ubi
681 3605 785 3666 dudum
807 3604 939 3666 cladibus
957 3622 1060 3682 aeger,

284 3688 393 3750 Rerum
413 3694 543 3750 extrema
564 3707 702 3767 movens,
724 3689 997 3752 frustraconsnltat
1012 3689 1166 3751 Adrastus.

285 3775 367 3835 Stant
388 3775 496 3836 circum
515 3773 602 3837 subiti
622 3792 785 3858 proceres,
807 3784 843 3840 nt
863 3777 993 3859 quasque
1011 3779 1179 3910 ΜΨ
