3134 4434
302 447 363 508 200
635 457 668 505 1¹.
687 456 820 507 nannum
843 454 962 506 suanm

302 615 379 677 Orba
399 612 523 681 cobors;
544 611 686 691 praebent
707 612 806 674 obnixi
825 621 947 692 pectora
968 611 1076 691 ferro,

300 700 380 762 Idem
399 697 486 758 ardor
506 695 615 758 rabidis
634 707 784 758 extersum
802 698 917 758 bannire
935 713 1085 759 eruorem
1261 706 1295 764 oio

302 786 349 845 ilc
369 783 479 844 fudisse
500 800 597 859 suum,
619 799 675 843 nec
699 801 732 844 se
753 783 879 860 vestigia
899 789 1028 842 mutant.

303 869 366 930 Stat
386 883 480 928 cuneo
501 866 598 927 delixa
618 868 713 943 acies,
734 866 869 947 hostique
890 873 1016 926 cruento

302 953 377 1014 Dant
395 952 519 1027 animas,
542 959 572 1010 et
591 960 675 1029 terga
697 961 822 1030 negant,
845 967 931 1030 quum
953 949 1043 1029 lapsa
1064 969 1131 1032 per
1153 970 1239 1014 aures

301 1038 420 1098 Vertice
441 1035 559 1096 Dircaei
580 1036 670 1096 velox
687 1035 807 1097 Latonia
826 1036 929 1095 montis
1138 1030 1142 1037 ’

302 1122 431 1190 Adstitit3
455 1128 614 1198 agnoscunt
636 1120 746 1197 eolles,
765 1130 920 1199 notamque
942 1119 1096 1180 tremiscit
1259 1132 1296 1189 om

303 1206 383 1267 Silva
404 1206 502 1281 deam,
524 1206 621 1265 meris
642 1204 690 1265 ubi
713 1205 857 1285 qnondam
878 1211 980 1264 exerta
998 1205 1130 1282 sagittis

302 1289 485 1352 Foeeundam
503 1289 582 1349 lasso
603 1288 719 1350 Nioben
741 1297 961 1369 consumpserat
983 1304 1070 1348 arou.

368 1374 451 1435 lllum
470 1374 550 1434 acies
568 1375 643 1434 inter
661 1375 770 1436 medias
791 1375 848 1435 iam
870 1372 961 1434 caede
984 1373 1161 1452 superbum

301 1459 425 1521 Nescius
446 1474 588 1520 armorum
610 1468 640 1519 et
660 1461 768 1538 primas
788 1469 857 1519 tune
877 1473 982 1537 passus
1003 1455 1152 1522 habenas

303 1545 433 1604 Venator
452 1543 585 1623 raptabat
601 1562 709 1623 equus,
733 1562 820 1623 quern
842 1542 971 1604 discolor
992 1541 1090 1604 ambit

304 1628 400 1706 Tigris
422 1637 452 1688 et
473 1630 579 1688 sumtis
601 1628 776 1689 adverberat
796 1627 940 1706 unguibus
963 1643 1077 1687 armos.

305 1712 389 1773 Colla
411 1713 513 1773 sedent
534 1712 617 1773 nodis
639 1722 668 1772 et
690 1715 832 1791 castigata
850 1711 978 1773 iubarum

303 1797 454 1873 Libertas,
477 1798 660 1876 nemorisque
678 1806 765 1857 notae
787 1798 840 1858 sub
860 1804 982 1877 peetore
1003 1795 1106 1875 primo

303 1882 448 1943 lactantur
468 1882 555 1942 niveo
577 1880 672 1942 lunata
696 1883 814 1943 monilia
832 1882 928 1942 dente.

303 1966 372 2045 lpse
395 1965 439 2025 bis
460 1964 582 2027 Oebalio
604 1975 757 2027 saturatam
780 1967 889 2027 murice
910 1963 1018 2044 pallam

303 2050 594 2131 habentesque-auro
616 2053 726 2113 tunicas
748 2084 791 2100 —·
807 2051 865 2113 boc
886 2057 1008 2110 neverat
1027 2067 1125 2112 unum

303 2134 396 2196 Mater
417 2154 491 2216 opus
513 2170 555 2181 -
575 2138 653 2197 tenui
673 2136 818 2198 collectus
839 2137 868 2195 in
888 2134 938 2196 ilia
957 2132 1059 2194 vinclo

305 2218 477 2301 Cornipedis
501 2220 585 2281 laevo
608 2221 735 2300 clipeum
756 2221 912 2282 demiserat
934 2234 1024 2293 armo,

303 2303 382 2364 Ense
404 2307 501 2382 gravis
522 2306 625 2374 nimio;
648 2307 735 2366 tereti
756 2307 835 2366 iurat
856 2321 944 2366 aurea
965 2319 1067 2363 morsu

302 2387 405 2449 Fibula
427 2390 587 2469 pendentes
610 2391 718 2451 circum
739 2390 832 2451 latera
853 2406 958 2469 aspera
981 2388 1115 2460 cinctum

303 2474 492 2552 Vaginaeque
511 2489 612 2534 sonum
630 2474 838 2554 memuiumqne
857 2474 956 2535 audire
975 2471 1143 2551 pbaretrae

303 2556 428 2617 binrmur
446 2567 476 2617 et
493 2575 510 2618 a
531 2574 606 2617 cono
626 2560 730 2619 missas
747 2560 777 2619 iu
799 2567 882 2637 terga
904 2566 1032 2633 catenas,

303 2641 446 2702 Interdum
467 2643 571 2703 oristas
592 2641 691 2702 hilaris
712 2645 820 2705 iactare
844 2651 1003 2718 comantes,

303 2725 341 2787 lit
361 2727 466 2806 pictum
487 2729 608 2804 gemmis
628 2727 733 2805 galeae
753 2728 849 2798 iubar3
873 2737 917 2788 ast
938 2726 986 2787 ubi
1008 2743 1111 2804 pugna

304 2810 403 2874 (lassis
421 2811 525 2872 anbelo
544 2812 637 2889 calet,
659 2813 790 2874 resoluto
812 2814 925 2874 vertice
946 2810 1039 2872 nudus

304 2895 456 2966 Exoritur;
479 2906 547 2958 tunc
569 2897 655 2958 dulce
680 2914 781 2959 comae
804 2897 951 2976 radiisque
972 2896 1118 2956 micantes
1203 2960 1214 2975 ,

304 2979 397 3042 Dulce
419 2983 510 3042 nitent
530 2983 610 3042 visus
631 2990 676 3057 et,
700 3000 772 3061 quas
794 2981 874 3042 dolet
894 2982 960 3060 ipse
978 2981 1100 3057 morari,
1194 2980 1201 2993 ’

302 3063 435 3126 Nondum
454 3075 579 3128 mutatae
599 3082 687 3127 rosea
707 3067 842 3145 lanugine
863 3065 966 3126 malae.

302 3147 367 3210 Nec
388 3150 498 3212 formae
520 3151 576 3211 sibi
596 3149 681 3212 laude
702 3151 800 3230 placet
820 3151 995 3227 multumque
1017 3151 1140 3211 severis

303 3234 431 3314 Asperat
453 3237 622 3311 oraminis,
651 3235 704 3296 sed
724 3236 826 3297 lrontis
848 3243 946 3296 servat
966 3232 1111 3294 bonorem

302 3318 348 3380 lra
370 3318 497 3388 decens;
519 3320 566 3380 dat
587 3329 693 3399 sponte
715 3320 810 3381 locum
829 3318 966 3381 Thebana
985 3320 1136 3399 iuventus,

302 3401 440 3465 Natorum
460 3420 619 3480 memores,
639 3407 805 3485 intentaque
827 3404 886 3465 tela
906 3411 1090 3482 retorquent,

302 3487 362 3549 Sed
384 3489 489 3566 premit
513 3497 543 3548 et
564 3506 668 3550 saeros
689 3489 890 3550 miserantibus
910 3489 1017 3565 ingerit
1037 3487 1155 3552 bastae.

302 3571 385 3633 illum
403 3580 433 3632 et
454 3573 590 3635 Sidoniae
611 3575 678 3651 iuga
696 3592 751 3654 per
772 3574 945 3635 'ibeumesia
966 3573 1114 3651 nymphae

302 3655 460 3717 bellantem
481 3664 569 3737 atque
590 3657 655 3737 ipso
677 3659 783 3719 sudore
806 3668 836 3719 et
852 3659 973 3737 pulvere
994 3666 1111 3736 matum

294 3739 439 3822 laudant,
457 3751 489 3807 et
510 3742 600 3808 acilo
620 3742 729 3807 ducunt
746 3744 876 3826 suspiria
887 3750 974 3801 uoto.
