3134 4434
279 441 342 506 248
618 457 651 504 r.
671 453 805 504 ramum
826 452 948 502 suurn

281 613 386 688 Arma,
407 611 479 687 viri,
501 629 619 688 currus,
643 612 760 691 altaque
781 613 811 672 in
830 619 930 688 strage
955 610 1085 672 seniles

281 697 427 758 Deficiunt
446 714 582 775 gressus,
606 705 635 757 et
656 697 715 758 dux
733 696 896 757 miseranda
916 695 1057 757 laborat.

283 781 321 842 Ut
340 782 470 860 quaesita
488 781 535 842 diu
551 783 721 842 monstravit
740 799 865 859 corpora
887 781 1011 841 clamor

282 866 426 943 Virginis,
449 867 581 926 insternit
597 876 676 927 totos
696 865 869 944 frigentibus
890 875 988 926 artus.
1242 871 1266 925 at

282 950 347 1011 Neo
366 968 426 1011 vox
443 950 503 1011 ulla
525 954 605 1021 seni;
626 954 703 1022 iacet
720 951 898 1029 inmugitque
917 953 1062 1012 cruentis

283 1035 476 1112 Vulneribus,
497 1053 554 1095 nec
572 1036 664 1096 verba
683 1036 731 1095 diu
751 1044 890 1115 temptata
909 1046 1100 1114 sequuntur.

282 1119 359 1181 Dum
376 1129 481 1180 tractat
502 1121 604 1198 galeas
623 1130 710 1200 atque
729 1137 781 1180 ora
802 1120 920 1181 latentia
939 1123 1081 1199 quaerit,

285 1204 413 1266 'laudem
431 1213 507 1265 muta
524 1205 624 1266 furens
645 1206 762 1283 genitor
780 1205 904 1284 suspiria
923 1205 1039 1265 solvit:

349 1289 460 1351 ‘Tarda
475 1308 585 1367 meam,
607 1292 717 1370 pietas,
740 1290 831 1368 longo
845 1298 913 1369 post
928 1297 1081 1369 tempore
1099 1301 1224 1352 mentem
1242 1297 1266 1352 tt

284 1371 437 1434 Percutis‘l
460 1383 543 1435 estne
563 1374 616 1435 sub
636 1375 693 1435 boc
714 1375 836 1435 hominis
855 1373 1019 1436 clementia
1041 1374 1169 1439 corde?

283 1459 384 1519 Vincis
400 1476 447 1518 me
464 1461 615 1537 misemm,
637 1461 744 1537 vincis,
766 1468 883 1536 natura,
906 1465 1084 1538 parentem.

198 1597 201 1602 .
284 1541 332 1604 Eu
349 1542 445 1604 babeo
465 1546 604 1621 gemitus,
627 1545 822 1624 lacrimaeque
841 1543 999 1623 perarida
1018 1556 1156 1626 serpunt

285 1627 431 1705 Vulnera,
458 1638 488 1688 et
509 1630 539 1689 in
557 1629 667 1690 molles
684 1631 814 1708 sequitur
833 1646 932 1688 manus
952 1630 1040 1709 inpia
1065 1631 1218 1710 planctus.

285 1713 421 1792 Accipite
443 1712 577 1774 infandae
598 1715 672 1774 iusta
695 1714 860 1794 exequialia
878 1713 993 1790 mortis,
1243 1724 1266 1778 tl

287 1796 430 1858 Crudeles
450 1799 623 1877 nimiumque
644 1801 716 1872 mei;
738 1817 794 1860 nec
815 1815 940 1858 noscere
960 1807 1054 1859 natos

285 1881 512 1961 Alloquiumque
535 1891 636 1963 aptare
655 1883 735 1944 licet.
778 1882 851 1960 Dic,
872 1885 973 1960 virgo,
999 1888 1161 1963 precanti,

287 1966 381 2041 Quem
401 1964 511 2027 tenco?
533 1985 590 2046 quo
609 1986 685 2029 nunc
701 1977 815 2028 vestras
834 1985 891 2045 ego
910 1985 1024 2029 saevus
1043 1969 1172 2033 honore

286 2051 451 2131 Prosequar
468 2050 608 2114 inferias?
630 2071 648 2114 o
667 2054 692 2114 si
710 2053 847 2114 fodienda
863 2051 996 2112 redirent

286 2135 404 2196 Lumina
425 2146 456 2198 et
478 2140 508 2197 in
527 2138 623 2198 vultus
642 2139 756 2200 saevire
779 2156 817 2197 ex
834 2153 915 2198 more
932 2141 1094 2215 potestas!
1246 2149 1266 2203 tl

285 2220 351 2280 Heu
370 2221 472 2298 dolor,
491 2223 549 2283 heu
566 2225 643 2283 iusto
664 2224 756 2300 magis
778 2222 911 2283 exaudita
928 2226 1071 2298 parentis

287 2305 363 2366 Vota
383 2307 535 2386 malaeque
554 2309 677 2387 preces!
701 2310 830 2387 quisnam
848 2308 901 2367 fuit
921 2305 972 2365 ille
992 2307 1145 2388 deorum,

288 2389 345 2464 Qui
367 2392 446 2451 stetit
466 2401 596 2452 orantem
615 2394 694 2454 iuxta
715 2401 931 2471 praereptaque
949 2391 1048 2453 verba

286 2473 414 2535 Dictavit
434 2474 521 2536 latis?
542 2477 623 2537 iuror
640 2477 690 2538 illa
708 2486 737 2537 et
754 2479 844 2537 movit
861 2475 966 2551 Erinys

287 2557 326 2618 Et
344 2568 428 2639 pater
447 2569 476 2620 et
493 2563 628 2638 genetrix
649 2571 678 2622 et
697 2580 788 2639 regna
808 2561 943 2640 oculique
967 2562 1141 2637 cadentes;
1248 2573 1266 2628 a

287 2641 336 2703 Nil
355 2661 428 2721 ego;
451 2663 506 2724 per
522 2645 618 2706 Ditem
636 2647 699 2706 iuro
719 2647 880 2725 dulcesque
899 2644 1043 2707 tenebras

287 2726 509 2809 lnmeritamque
527 2730 645 2807 ducem,
668 2730 787 2791 subeam
807 2732 851 2790 sio
869 2738 975 2790 tartara
997 2730 1094 2811 digna

287 2811 401 2890 blorte,
424 2832 480 2875 uec
502 2815 574 2876 irata
592 2816 683 2894 fugiat
701 2835 747 2876 me
764 2815 849 2875 baius
870 2813 979 2874 umbra.

287 2898 343 2958 llei
361 2899 445 2976 mibi,
473 2918 547 2980 quos
564 2919 657 2961 nexus
675 2901 811 2976 fratrum,
835 2916 909 2979 quae
929 2898 1059 2962 vulnera
1081 2908 1203 2968 tracto!

290 2983 403 3044 Solvite
421 3002 532 3063 quaeso
551 3004 650 3046 manus
673 2987 836 3064 infestaque
857 2982 972 3044 uincula
993 2986 1125 3050 tandem
1251 2999 1266 3054 t

241 3081 243 3084 ⁴
289 3065 433 3146 Dividite,
458 3079 487 3130 et
504 3070 629 3130 medium
646 3088 721 3131 nuno
740 3070 842 3130 saltem
864 3069 1003 3129 admittite
1027 3081 1181 3150 patrem'

352 3151 434 3214 Talia
452 3155 610 3235 dequestus
628 3154 764 3234 paulatim
785 3162 947 3233 sumpserat
964 3154 1026 3212 iras

290 3236 392 3298 blortis
415 3247 445 3298 et
465 3240 581 3301 occulte
599 3239 704 3316 telum,
726 3240 754 3299 ui
776 3249 843 3299 nata
862 3245 988 3313 vetaret,

292 3321 476 3400 Quaerebat,
501 3324 554 3385 sed
574 3333 653 3386 casta
670 3343 754 3384 manu
774 3323 958 3384 subtraxerat
980 3339 1076 3384 enses

292 3407 454 3485 Antigone;
474 3409 543 3469 furit
562 3409 628 3470 iude
651 3427 759 3470 senex:
780 3407 854 3468 ‘Ubi
875 3408 962 3467 noxia
981 3406 1068 3468 tela?
1255 3422 1266 3478 t

291 3491 356 3552 Heu
373 3492 483 3569 furiae,
503 3511 570 3553 num
587 3503 677 3555 totum
695 3492 764 3554 abiit
781 3494 811 3552 in
830 3508 955 3571 corpora
976 3490 1142 3556 ferrum?'

292 3575 444 3642 Dicentem
466 3594 564 3638 comes
586 3596 676 3656 aegra
694 3579 772 3639 levat
789 3587 954 3655 mutumque
972 3575 1119 3641 dolorem

291 3659 360 3741 Ipsa
378 3663 498 3741 premit,
520 3680 637 3722 saevum
658 3662 789 3740 gaudens
806 3663 955 3742 planxisse
976 3673 1157 3738 parentem.

357 3744 432 3811 Olim
451 3756 549 3812 autem
566 3749 705 3832 inceptae
724 3748 855 3810 clamore
872 3746 1014 3805 exterrita
1024 3763 1164 3826 pugnae
