3134 4434
325 441 366 504 80
655 455 688 503 Ρ.
713 455 848 504 auelun
869 455 986 504 suurn
1086 462 1090 471 ·

326 610 422 671 Luoos
443 619 472 670 et
494 611 657 690 penetravit
679 620 708 671 et
724 613 852 692 reliquit.

327 695 382 755 Hio
404 696 470 774 paoi
491 695 603 772 bonus,
624 695 672 755 bio
693 698 837 759 timendus
858 699 956 774 armis,

326 779 434 840 Natura
455 781 560 840 melior
581 782 797 862 potentiorque.

326 865 381 925 Hio
400 867 423 924 si
445 865 631 925 flammiferos
651 875 767 926 teneret
789 886 871 944 axes,

327 948 446 1027 Largis,
468 950 565 1027 India,
588 950 711 1010 nubibus
733 952 879 1028 madores,

326 1034 455 1095 Undaret
474 1034 584 1111 Libye,
606 1045 722 1114 teperet
739 1037 875 1096 Haemus.

391 1120 514 1196 ‘Salve‚
538 1121 597 1180 dux
618 1121 763 1181 bominum
786 1131 816 1180 et
839 1140 945 1200 parens
967 1122 1098 1200 deorum,

326 1205 476 1265 Provisum
497 1204 564 1265 mibi
587 1208 793 1285 cognitumque
815 1225 928 1266 numen.

325 1288 389 1349 Neo
410 1291 465 1349 iarn
487 1289 617 1369 putribus
641 1291 759 1350 evoluta
780 1290 889 1351 chartis

325 1375 445 1434 Solonni
468 1392 559 1452 prece
581 1375 744 1454 quindecim
766 1377 894 1435 virorum

323 1459 471 1519 Perlostra
493 1477 557 1519 mea
580 1459 672 1537 diota,
695 1462 748 1521 sed
771 1470 923 1520 canentem

323 1542 419 1623 Ipsam
444 1545 590 1621 eominus,
612 1553 643 1604 ut
664 1547 804 1622 mereris,
828 1545 907 1605 audi:

387 1628 470 1689 <vidi
489 1647 574 1708 quarn
594 1631 700 1689 seriem
718 1633 857 1690 morantis
878 1631 942 1690 aovi

322 1715 498 1774 Proneotant
516 1713 568 1772 tibi
592 1715 731 1775 candidae
753 1732 888 1784 sorores;

273 1810 282 1827 ·
322 1798 443 1875 Magnus
464 1808 493 1858 te
512 1807 609 1858 manet
631 1800 703 1860 ordo
728 1800 923 1875 saeculorum,

321 1882 402 1944 Natis
426 1884 544 1960 longior
565 1881 819 1962 abnepotibusque

322 1968 423 2028 Annos
444 1977 586 2046 perpetua
608 1987 697 2046 geres
719 1971 846 2043 iuventa,

323 2053 401 2128 Quot
422 2053 515 2112 fertur
535 2052 669 2132 placidos
689 2054 790 2114 obisse
811 2052 930 2129 Nestor,

322 2139 401 2212 Quot
424 2137 555 2198 Tithonia
578 2149 724 2216 computat
745 2148 893 2215 senectus,

320 2222 359 2283 Et
380 2233 502 2302 quantos
524 2240 581 2300 ego
604 2222 720 2284 Delium
742 2227 876 2303 poposci.

387 2308 512 2369 ‘Iuravit
534 2308 585 2368 tibi
606 2311 661 2369 iarn
683 2309 787 2370 nivalis
808 2308 927 2383 Arctos,

320 2393 404 2453 Nunc
425 2410 546 2470 magnos
566 2394 664 2452 oriens
686 2394 766 2454 dabit
785 2395 955 2473 triumphos.

320 2478 380 2538 Ibis
404 2495 460 2556 qua
481 2495 574 2554 vagus
593 2477 737 2537 Hercules
757 2488 786 2538 et
804 2478 897 2556 Euan,

320 2563 402 2622 Ultra
425 2562 521 2622 sidera
543 2561 762 2641 flammeumque
785 2563 894 2638 solem,

319 2646 358 2707 Et
376 2646 436 2706 Nili
458 2657 545 2724 eaput
567 2655 597 2706 et
618 2648 700 2706 nives
720 2646 855 2724 Atlantis,

319 2731 357 2792 Et
379 2731 494 2792 laudum
518 2731 632 2790 cornulo
654 2731 757 2792 beatus
780 2735 856 2793 omui

319 2818 451 2878 Soandos
469 2815 597 2894 belliger
616 2816 786 2896 abnuesque
809 2835 928 2888 ourrus;

318 2902 423 2962 Doneo
443 2902 567 2963 Troicus
588 2901 663 2980 ignis
686 2912 715 2962 et
732 2912 852 2963 renatae

318 2987 461 3067 Tarpeius
483 2997 568 3068 pater
587 2987 728 3048 intonabit
749 2988 845 3062 aulae,

317 3071 399 3132 Haeo
420 3073 515 3133 donee
536 3073 582 3132 via
605 3082 634 3132 te
659 3083 782 3151 regente
804 3082 899 3132 terras

318 3156 436 3217 Annosa
457 3160 550 3235 magis
571 3155 669 3236 Appia
691 3162 852 3218 senescat!

388 3317 438 3365 IV.
467 3315 518 3365 AD
541 3315 755 3367 VICTORIUM
783 3314 1019 3369 MARCELLUM
1048 3312 1249 3364 EPISTOLA.

382 3412 475 3472 Curre
496 3430 550 3492 per
573 3411 724 3474 Euboicos
745 3430 805 3474 non
826 3414 944 3490 segnis,
967 3411 1109 3490 epistola,
1133 3428 1264 3490 campos,

316 3498 378 3559 Hac
400 3499 635 3575 ingressorias,
659 3516 715 3577 qua
735 3497 842 3557 nobilis
864 3497 962 3578 Appia
985 3496 1093 3556 oresoit

215 3625 218 3631 ·
315 3584 348 3644 ln
369 3583 443 3644 latus
467 3592 496 3642 et
520 3583 625 3642 molles
648 3583 759 3643 solidus
781 3585 886 3661 premit
909 3599 1002 3660 agger
1022 3597 1135 3640 arenas.

313 3668 412 3747 Atque
435 3666 484 3728 ubi
506 3666 664 3727 Romuleas
681 3669 773 3728 velox
792 3669 995 3748 penetraveris
1013 3683 1109 3739 arces,

315 3751 457 3815 Continuo
481 3753 598 3814 dextras
621 3753 688 3815 flavi
711 3761 780 3833 pete
803 3752 928 3815 Tibridis
951 3769 1030 3828 oras,
