3134 4434
607 451 786 507 smvnutttt
806 456 840 507 u.
861 456 910 508 tv.

260 615 438 694 lrascorque
460 609 563 690 etiarn,
585 621 720 693 quantum
740 612 902 675 irascuntur
921 621 1059 676 amantes.

261 700 391 761 Tantane
410 717 458 759 me
482 698 578 760 decuit
598 697 713 775 vulgari
733 699 840 775 gaudia
860 699 937 760 lama
1254 740 1257 745 ·

260 780 419 846 Nascere?
454 782 606 862 Quumque
627 782 681 842 tibi
702 784 818 860 vagiret
836 785 939 844 tertius
958 781 1061 861 inians,
1225 794 1260 849 35

260 869 397 930 Protinus
418 868 529 946 ingenti
549 884 608 927 non
627 867 707 927 venit
727 869 825 928 nuntia
846 885 933 927 cursu

260 953 375 1028 litera,
399 970 474 1032 quae
496 951 590 1012 iestos
612 951 758 1013 cumulare
779 951 920 1013 altaribus
941 952 1026 1030 ignes

259 1035 299 1099 Et
319 1037 458 1098 redimire
480 1035 586 1112 chelyn
606 1044 767 1116 postesque
788 1053 892 1097 ornare
911 1035 1038 1113 iuberet,

258 1120 437 1201 Albanoque
459 1121 560 1181 cadum
581 1121 748 1181 sordentem
771 1138 908 1200 promere
927 1120 1006 1180 inmo

259 1204 298 1267 Et
321 1214 404 1266 creta
425 1205 543 1283 signare
564 1203 662 1266 diem?
705 1206 766 1266 Sed
786 1205 884 1266 tardus
904 1205 1042 1286 inersque
1226 1212 1274 1266 lu*

258 1290 344 1351 Nunc
366 1290 479 1350 demum
496 1307 561 1350 mea
579 1298 649 1350 vota
669 1287 763 1350 cano?
811 1289 855 1349 Tu
876 1289 963 1369 culpa
981 1299 1106 1367 tuusque

258 1373 316 1435 llic
338 1373 441 1454 pudor.
462 1373 592 1434 Ulterius
613 1374 667 1435 sed
688 1375 764 1434 enim
782 1374 948 1454 producere
970 1382 1091 1455 questus

258 1459 328 1520 Non
351 1458 434 1527 licet;
459 1477 496 1519 en
516 1458 617 1519 hilaris
640 1459 806 1519 circumstat
825 1457 909 1518 turba
929 1468 1043 1519 tuorum

258 1543 463 1622 Defensatque
484 1551 607 1622 patrem.
652 1542 744 1617 Quem
765 1560 824 1603 nou
844 1542 903 1603 boc
924 1543 1039 1620 agmine
1060 1538 1181 1601 vincas‘l

324 1627 364 1688 Di
385 1629 487 1707 patrii,
510 1643 584 1706 quos
604 1628 733 1705 auguriis
756 1645 847 1706 super
868 1644 999 1706 aequora
1020 1627 1131 1704 magnis
1229 1634 1262 1690 4⁵

259 1712 340 1775 bitus
363 1712 400 1773 ad
420 1710 579 1772 Ausonium
601 1711 720 1772 devexit
740 1711 864 1773 Abantia
886 1711 1002 1788 classis,

261 1797 323 1874 Tu,
350 1796 455 1857 ductor
476 1796 577 1875 populi
599 1795 689 1873 longe
710 1797 876 1876 migrantis,
896 1796 1019 1875 Apollo,

262 1879 355 1943 Cuius
373 1880 468 1941 adhuc
490 1880 640 1941 volucrem
660 1880 745 1943 laeva
769 1881 888 1943 cervice
910 1879 1062 1943 sedentem

260 1965 439 2046 Respiciens
460 1964 567 2026 blande
588 1964 661 2025 felix
679 1964 809 2026 Eumelis
832 1966 944 2042 adorat,

263 2049 384 2129 Tuque,
406 2049 518 2110 Actaea
541 2046 651 2125 Ceres,
675 2067 761 2110 cursu
783 2050 830 2110 cui
851 2066 970 2129 semper
988 2050 1093 2112 anhelo
1230 2060 1266 2112 5ο

265 2134 399 2196 votivam
419 2135 502 2193 taciti
524 2150 693 2212 quassamus
714 2133 847 2213 lampada
872 2143 997 2209 mystae,

263 2217 302 2280 Et
321 2235 395 2295 vos,
418 2217 618 2295 Tyndaridae,
641 2233 715 2297 quos
737 2235 796 2277 non
816 2217 961 2278 horrenda
983 2217 1108 2296 Lycurgi

263 2304 397 2382 Taygeta
419 2302 613 2362 umbrosaeve
635 2302 729 2378 magis
751 2302 873 2362 coluere
895 2301 1078 2382 Therapnae,

261 2388 326 2449 llos
349 2406 414 2448 curn
433 2386 523 2467 plebe
547 2404 598 2447 sua
621 2387 705 2466 patrii
727 2396 845 2448 servate
866 2396 1000 2466 penates.

262 2474 344 2549 Sint,
365 2473 414 2551 qui
433 2472 542 2531 lessam
566 2487 640 2532 aevo
665 2471 837 2552 crebrisque
858 2471 1008 2532 laboribus
1030 2471 1132 2532 urbem
1232 2483 1266 2536 55
1328 2480 1331 2489 '

262 2557 350 2617 Voce
374 2555 538 2636 opibusque
558 2557 657 2616 iuvent
676 2556 820 2636 viridique
841 2557 1007 2617 innomine
1029 2567 1157 2618 seruent.
1183 2620 1187 2625 ,

261 2640 315 2702 llis
333 2640 468 2720 placidos
489 2641 606 2718 genitor
625 2657 723 2715 mores
745 2640 916 2721 largumque
935 2643 1059 2702 nitorem

251 2725 407 2787 ¹lloustret
427 2743 515 2803 auus,
537 2723 679 2804 pulchrae
699 2725 823 2787 studium
841 2727 955 2786 virtutis
975 2735 1108 2805 uterque.

262 2810 382 2889 Quippe
404 2818 434 2870 et
456 2827 531 2890 opes
553 2817 583 2870 et
604 2811 690 2889 origo
712 2811 809 2871 sinunt
829 2810 904 2872 banc
926 2811 1058 2889 lampade
1080 2811 1171 2891 prima

261 2893 399 2955 Patritias
421 2896 528 2956 intrare
550 2893 650 2970 iores,
672 2894 745 2971 hos,
767 2894 847 2973 pube
864 2894 919 2954 snb
941 2896 1016 2972 ipsa,
1232 2906 1269 2961 (to

263 2979 402 3040 simodo
425 2979 514 3058 plena
535 2977 620 3038 bonis
641 2979 741 3039 invicti
764 2976 901 3040 Caesaris
922 2978 1018 3040 adsint
1167 2978 1172 2983 '

263 3061 404 3142 Numina,
427 3063 562 3125 Romulei
583 3063 671 3124 limen
690 3062 810 3143 pulsare
830 3071 960 3125 senatus.

262 3220 317 3271 11.
341 3220 451 3272 RISUS
480 3219 782 3274 SATURNALITIUS
803 3221 854 3274 nt)
875 3221 1051 3274 PLOTIUM
1074 3221 1265 3276 GRYPHUM.

327 3314 383 3376 Est
402 3333 474 3377 sane
495 3317 579 3377 iocus
600 3318 673 3395 iste,
695 3317 773 3397 quod
796 3318 926 3381 libellum

261 3399 368 3462 Misisti
390 3401 475 3477 mibi,
499 3399 634 3482 Gryplre,
656 3420 711 3482 pro
731 3402 844 3464 libelle.

261 3484 411 3546 Urbanum
431 3494 529 3547 tamen
549 3486 607 3547 boc
629 3496 730 3567 potest
749 3488 856 3568 videri,

263 3570 297 3631 Si
318 3570 464 3649 posthoc
485 3571 594 3650 aliquid
613 3572 682 3633 mibi
701 3574 849 3642 remittas;

260 3653 335 3715 Nam
354 3654 380 3715 si
400 3654 521 3733 ludere,
544 3654 679 3737 Grypbe,
702 3675 892 3738 perseveras,

260 3737 329 3800 Non
349 3737 451 3802 ludis,
476 3739 574 3821 licet,
597 3759 687 3822 ecce,
711 3750 927 3823 computemus:
