3134 4434
328 421 368 483 84
662 435 693 480 P.
715 433 849 482 rnrnrur
871 434 987 484 suurn

330 591 493 671 spirantum
514 588 610 660 rabie;
631 608 689 651 nec
708 591 784 652 tristi
804 591 972 653 incumbere
991 592 1072 652 sulco

331 674 423 751 Cura,
444 674 497 735 sed
516 675 657 736 alternum
680 677 798 755 cupiunt
818 676 933 738 haurire
956 695 1098 739 cruorem.
1288 688 1333 743 560

329 761 462 822 Proxima
483 769 611 821 natarum
631 778 731 821 manus
749 771 811 838 est,
833 760 951 841 fletique
969 772 1103 841 nepotes.

328 845 382 906 llic
402 845 500 906 orbam
518 845 674 905 Autonoen
696 855 726 905 et
746 846 879 907 anhelam
901 849 1043 907 cernimus
1064 845 1116 906 luo

327 930 556 1010 Respectantem
578 947 664 991 arcus
686 939 716 990 et
737 930 774 990 ad
795 931 885 992 ubera
906 931 993 991 dulce
1018 939 1204 1011 prementem

327 1015 451 1094 Pignus,
474 1025 503 1076 et
524 1015 668 1095 oppositis
688 1014 827 1076 Semelen
848 1034 865 1076 a
885 1024 987 1076 ventre
1008 1016 1136 1076 lacertis.

328 1100 456 1162 Penthea
477 1102 532 1160 ianr
554 1099 655 1160 fractis
676 1101 812 1177 genetrix
834 1097 972 1162 Cadmeia
988 1100 1106 1175 thyrsis,
1203 1162 1206 1167 ,
1284 1111 1332 1166 565

328 1185 387 1246 lam
408 1186 524 1245 dimissa
545 1184 619 1260 deo,
638 1193 802 1264 pectusque
820 1185 958 1264 adaperta
983 1194 1130 1245 cruentum

327 1270 492 1348 Insequitur
513 1267 645 1348 planctu;
668 1268 742 1347 fugit
760 1268 812 1330 ille
835 1287 890 1350 per
911 1270 974 1330 avia
993 1268 1101 1329 Lethes

327 1354 366 1415 Et
384 1354 503 1430 Stygios
526 1370 709 1432 superosque
729 1353 827 1430 lacus,
850 1353 900 1413 ubi
920 1355 1015 1414 mitior
1036 1353 1116 1412 illum

327 1438 395 1501 Flet
415 1447 500 1518 pater
521 1446 551 1498 et
567 1437 697 1499 lacerum
718 1439 865 1517 componit
884 1455 991 1518 corpus
1013 1437 1135 1498 Echion.

327 1524 452 1584 Tristem
471 1538 563 1582 nosco
580 1521 689 1598 Lycum
708 1521 898 1603 dextramque
918 1524 946 1583 in
968 1532 1051 1601 terga
1069 1522 1215 1583 reflexum
1283 1533 1332 1590 oto

326 1607 489 1683 Aeoliden,
509 1605 805 1669 humero'iactantem
824 1608 909 1668 funus
932 1617 1046 1668 onusto.

326 1693 457 1754 Necdum
478 1692 530 1752 ille
552 1701 600 1752 aut
620 1691 749 1770 habitus,
773 1701 822 1753 aut
840 1711 945 1754 versae
968 1692 1084 1753 crimina
1107 1690 1223 1753 formae

325 1776 417 1838 Nutat
437 1774 573 1837 Aristaeo
594 1778 724 1854 genitus:
748 1776 829 1837 lrons
848 1795 953 1856 aspera
976 1794 1076 1852 cornu,

328 1861 400 1922 Tela
420 1879 521 1937 manu,
543 1861 687 1940 reicitque
705 1879 793 1923 canes
814 1863 843 1922 in
862 1863 964 1924 vulnus
984 1861 1105 1922 hiantes.

326 1945 408 2007 Ecce
427 1954 521 2005 nutem
541 1963 645 2024 magna
667 1945 743 2007 subit
765 1946 907 2009 invidiosa
928 1956 1047 2008 caterva
1278 1955 1327 2012 515

267 2086 272 2101 ,
327 2030 455 2092 Tantalis
477 2040 506 2091 et
527 2031 634 2093 tumido
652 2040 810 2111 percenset
830 2032 931 2093 lunera
953 2031 1043 2107 luctu,

326 2116 374 2178 Nil
397 2116 511 2177 deiecta
531 2116 629 2187 malis;
650 2118 728 2178 iuuat
750 2117 890 2194 effugisse
913 2116 1032 2178 deorum

326 2201 448 2262 Numina
472 2211 501 2262 et
522 2202 640 2262 insanae
660 2200 727 2282 plus
743 2203 800 2263 iam
819 2204 988 2281 permittere
1008 2199 1147 2276 linguae)

390 2285 472 2347 Talia
493 2285 558 2347 dum
579 2287 654 2366 patri
672 2288 748 2348 canit
768 2288 939 2348 intemerata
957 2283 1108 2360 sacerdos,

327 2370 408 2431 lllius
434 2371 518 2431 elatis
539 2371 709 2432 tremefacta
729 2390 886 2450 assurgere
907 2372 986 2432 vittis
1278 2379 1329 2434 580

329 2453 479 2531 canicies,
504 2455 641 2533 tenuique
663 2455 764 2534 inpelli
785 2457 924 2534 sanguine
945 2453 1052 2515 vultus.

327 2538 392 2599 Nec
413 2539 467 2599 iam
488 2538 609 2598 firmanti
630 2538 753 2616 baculo,
775 2558 831 2601 uec
852 2540 965 2618 virgine
986 2539 1043 2600 fida

326 2622 448 2698 Nititur,
473 2631 648 2701 erectusque
670 2623 737 2684 solo
771 2622 908 2686 ‘Desiste
931 2624 1072 2702 canendo,

327 2706 417 2784 Nata,
439 2707 493 2767 ait:
516 2716 655 2768 externae
675 2710 746 2770 satis
760 2718 814 2770 est
832 2709 900 2769 mihi
918 2709 1009 2785 lucis,
1032 2711 1142 2770 inertes

327 2792 488 2854 Discedunt
508 2791 650 2870 nebulae,
674 2803 703 2855 et
722 2793 831 2855 vultum
848 2795 932 2873 niger
953 2795 1033 2855 exuit
1054 2812 1114 2855 aer.
1275 2808 1327 2863 585

327 2877 497 2956 Umbrisne‚
519 2896 556 2939 an
576 2896 684 2958 supero
704 2897 751 2940 me
771 2880 875 2940 missus
898 2880 1037 2959 Apolline
1058 2878 1189 2957 complet

327 2959 473 3042 Spiritus?
496 2982 533 3025 en
550 2963 636 3025 video
658 2983 859 3045 quaecumque
878 2965 987 3027 audita!
1030 2964 1089 3026 Sed
1112 2982 1185 3025 ecce

326 3046 460 3108 licerent
478 3046 612 3126 Argolici
630 3048 745 3111 deiecto
765 3048 871 3111 lumine
892 3068 1020 3111 manes..

328 3132 440 3193 Torvus
460 3131 541 3193 Abas
557 3133 738 3215 Proctusque
758 3152 870 3196 nocens
885 3136 1019 3213 mitisque
1041 3133 1223 3214 Phoroneus,

328 3217 547 3296 Truncatusque
564 3216 673 3298 Pelops
696 3229 726 3279 et
744 3237 837 3282 saevo
858 3220 980 3299 pulvere
999 3219 1123 3280 sordens
1275 3234 1327 3290 590

328 3300 493 3361 Oenomaus
515 3301 604 3379 largis
626 3301 791 3365 humectant
809 3303 948 3366 imbribus
971 3322 1032 3365 ora.

328 3387 464 3463 Auguror
483 3385 549 3447 binc
572 3386 679 3448 Thebis
699 3387 771 3449 belli
790 3388 921 3450 meliora.
964 3388 1040 3466 Quid
1062 3398 1156 3449 autem

327 3471 363 3531 lli
381 3488 474 3548 grege
495 3470 642 3533 condenso
662 3483 858 3552 —quantum
878 3491 956 3536 anna
972 3482 1002 3533 et
1018 3472 1137 3535 vulnera
1151 3487 1324 3553 monstrant,

328 3556 480 3633 Pugnaces
498 3557 626 3634 animae,
649 3591 690 3605 —
710 3556 796 3619 nobis
816 3560 846 3619 in
866 3560 1004 3636 sanguine
1025 3559 1115 3619 multo

329 3639 444 3719 Oraque
465 3651 646 3722 pectoraque
667 3651 696 3703 et
714 3642 790 3704 lalso
809 3642 940 3722 ¹clamore
962 3643 1074 3705 levatas
1275 3659 1326 3714 595

323 3725 480 3787 intendunt
498 3727 563 3792 alne
581 3745 659 3811 pace
679 3724 801 3791 manus?
839 3727 922 3808 Rexq
940 3727 1047 3806 lallor„
1066 3748 1104 3790 an
1121 3727 1153 3788 hi
1173 3742 1240 3791 sunt
