3134 4434
313 426 353 486 34
627 437 659 485 P.
682 436 815 485 eurtum
839 437 955 486 suurn

310 593 443 655 Exeitum
464 593 594 653 infrenos
615 586 793 673 componere
815 593 931 672 legibus
951 594 1050 672 Argos
1260 609 1315 663 180

311 675 455 739 Nesciat?
476 687 564 756 atque
586 679 692 739 utirmm
713 678 758 739 his
779 680 910 740 manibus
932 681 1099 760 permittere
1119 690 1235 757 gentes,

310 764 440 842 luppiter
461 781 572 842 aeque,
594 762 688 839 velis,
712 780 784 842 quas
804 764 930 824 Doricus
952 763 1053 841 alligat
1071 764 1153 824 undis

310 846 434 908 Isthmos
457 856 486 907 et
505 848 618 909 alterno
641 864 713 927 quas
734 851 865 926 margine
886 848 1040 909 submovet
1064 849 1153 910 inira!

310 932 376 992 Non
397 932 515 1010 lugeret
535 931 612 992 dirus
634 932 685 993 lux
707 933 845 994 iutercisa
866 930 1018 1010 Mycenae,

311 1020 406 1078 Saeva
424 1035 481 1077 nec
502 1015 596 1077 Eleae
616 1025 768 1095 gemerent
792 1019 949 1078 certamina
969 1017 1075 1094 valles,
1257 1030 1312 1084 185

309 1101 543 1180 Eumenidesque
565 1100 629 1162 aliis
649 1101 725 1162 aliae
747 1102 802 1162 sub
825 1101 960 1180 regibus,
984 1110 1013 1161 et
1031 1121 1106 1181 quae

310 1186 353 1246 Tu
375 1188 488 1265 potior,
510 1185 665 1263 Thebane,
686 1187 785 1264 queri:
807 1205 860 1248 uos
879 1203 951 1247 vero
972 1187 1108 1246 volentes

309 1271 502 1350 Expositique
522 1271 645 1331 animis’
687 1272 737 1332 Sic
759 1272 928 1348 interfatus,
950 1280 979 1331 et
999 1271 1074 1332 alter

310 1355 437 1416 Subicit:
460 1355 557 1415 ‘Anne
579 1354 683 1435 aliquis
703 1372 826 1417 soceros
845 1356 990 1417 accedere
1013 1356 1088 1416 tales

309 1436 446 1500 Abnuat?
468 1438 602 1500 exulibus
621 1458 792 1520 quamquam
811 1443 961 1522 patriaque
982 1441 1089 1518 iugatis

308 1524 440 1585 Nondum
462 1524 539 1585 laeta
554 1524 671 1601 Venus,
689 1534 785 1586 tamen
806 1527 898 1586 omnis
921 1525 1010 1586 corde
1031 1525 1141 1586 resedit

310 1609 455 1685 Tristitia,
478 1584 616 1688 ailixlque
638 1609 732 1669 auimo
751 1628 871 1670 cessere
894 1610 1025 1671 dolores.

312 1693 376 1754 Neo
397 1695 489 1755 minus
509 1693 584 1754 baec
604 1694 673 1755 laeti
693 1693 830 1755 trahimus
849 1694 968 1771 solatia,
992 1712 1076 1773 quam
1098 1696 1123 1752 si

310 1779 466 1857 Praecipiti
488 1778 628 1838 convulsa
645 1777 722 1839 Noto
745 1788 918 1859 prospectet
936 1781 1056 1839 amicam

309 1864 418 1943 Puppis
440 1863 563 1924 humum.
603 1862 685 1923 Iuvat
705 1864 857 1940 ingressos
878 1864 977 1924 felicia
995 1866 1079 1940 regui

309 1947 425 2024 Omina,
450 1948 528 2027 quod
547 1956 683 2028 superest
701 1947 754 2008 lati
772 1948 910 2028 vitaeque
932 1948 1063 2009 laborum

307 2031 434 2093 Fortuna
451 2035 574 2093 transire
592 2032 662 2094 tua.’
705 2031 770 2093 Nec
791 2031 875 2112 plura
895 2035 998 2095 morati

309 2114 511 2196 Consurgunt,
533 2119 618 2180 dictis
638 2119 788 2198 inpensius
808 2126 930 2196 aggerat
954 2135 1038 2178 omne

307 2202 482 2264 Promissum
501 2202 635 2264 Inachius
656 2212 755 2283 pater,
778 2204 946 2282 auxilioque
966 2203 1091 2263 futurum

308 2287 346 2348 Et
367 2289 468 2367 patriis
488 2288 613 2368 spondet
630 2288 757 2349 reduces
777 2288 917 2349 inducere
936 2290 1045 2366 regnis.

369 2370 449 2449 Ergo
472 2372 586 2433 alacres
608 2372 698 2450 Argi,
719 2373 787 2433 iaso
809 2390 925 2433 rumore
945 2391 999 2451 per
1019 2369 1120 2431 urbem

307 2456 473 2517 Advenisse
495 2457 561 2517 duci
579 2473 724 2533 generos,
748 2458 906 2537 primisque
928 2456 1095 2533 hymenaeis

305 2540 464 2618 Egregiam
481 2540 607 2617 Argian,
628 2559 685 2601 nec
703 2541 815 2602 formae
830 2541 921 2601 laude
941 2540 1097 2602 secundam

306 2624 472 2704 Deipylen,
495 2624 600 2685 tumida
623 2625 679 2686 iarn
697 2624 862 2703 virginitate
881 2626 984 2703 iugari,

309 2710 419 2771 Gaudia
439 2717 536 2769 mente
557 2718 676 2788 parant;
699 2712 797 2770 socias
817 2710 838 2769 it
858 2706 946 2771 Fatua
967 2728 1021 2790 per
1043 2708 1143 2785 urbes,

306 2794 504 2874 Finitimisque
524 2796 648 2871 agitatur
667 2795 745 2874 agris
766 2793 870 2875 procul
891 2813 983 2874 usque
1004 2794 1138 2872 Lycaeos
1231 2828 1233 2833 s

305 2879 537 2960 Partheniosque
557 2897 648 2960 super
668 2880 759 2941 saltus
777 2878 992 2960 Ephyraeaque
1012 2898 1089 2940 rura.

306 2964 370 3026 Nec
389 2967 481 3025 minus
499 2963 629 3044 Ogygias
649 2964 752 3026 eadem
772 2963 826 3026 dea
847 2964 961 3027 turbida
980 2964 1097 3025 Thebas

307 3049 418 3124 Insilit,
441 3059 471 3110 et
490 3051 559 3111 totis
578 3048 723 3130 perfundit
742 3050 857 3111 moenia
873 3052 988 3130 pennis,

306 3133 538 3215 Labdaciumque
561 3135 664 3197 ducem
688 3137 868 3214 praemissae
892 3153 1021 3196 consona
1042 3133 1121 3194 nocti

308 3218 449 3296 Territat,
471 3218 598 3299 hospitia
616 3229 646 3281 et
665 3220 808 3282 thalamos
830 3229 859 3280 et
881 3220 1002 3281 foedera
1021 3219 1104 3296 regni

306 3303 540 3382 Permixtumque
560 3320 664 3381 genus.
706 3303 790 3380 Quae
812 3313 889 3365 tanta
911 3305 1027 3365 lieentia
1049 3309 1189 3378 monstro,

309 3388 381 3463 Quis
403 3388 484 3447 furor
506 3385 571 3448 est?
592 3390 648 3449 iam
669 3387 748 3449 bella
768 3391 853 3450 canit.
896 3386 1056 3450 Diffuderat
1077 3387 1176 3466 Argos

307 3472 470 3552 Expectata
491 3473 571 3534 dies:
591 3473 671 3535 laeto
691 3476 804 3553 regalia
827 3482 914 3534 coetu

306 3558 390 3618 Atria
412 3556 610 3637 complentur,
632 3561 751 3639 species
773 3568 819 3621 est
840 3575 962 3620 cernere
982 3575 1100 3619 avorum
1250 3572 1304 3624 215

309 3642 446 3703 Cominus
469 3652 498 3703 et
520 3643 594 3704 vivis
615 3646 755 3706 certantia
774 3643 901 3705 vultibus
922 3662 1000 3705 aera.

307 3728 427 3790 Tantum
449 3746 538 3791 ausae
560 3730 695 3810 perferre
716 3729 830 3790 uranus!
873 3726 960 3791 Pater
982 3730 1046 3809 ipse
1070 3728 1198 3790 bicornis
