3134 4434
309 440 351 506 26
646 459 678 506 P.
701 456 840 506 rurrmr
854 457 978 507 ⁴suurn

310 610 468 681 Convivam
491 611 574 671 ducis
597 631 664 672 esse
684 612 838 689 gloriatur.
896 634 909 659 ···

372 695 433 755 Hos
455 697 530 756 inter
551 696 681 757 fremitus
704 713 855 775 novosque
877 697 973 774 luxus,
998 744 1001 749 .

307 780 467 861 Spectandi
489 781 564 841 levis
587 780 689 858 ellugit
709 781 855 859 voluptas.

309 868 372 926 Stat
394 882 482 925 sexus
503 865 583 926 rudis
603 866 770 944 insciusque
792 864 863 924 ferri
889 885 911 907 ·'

307 949 345 1010 m
367 967 479 1028 pugnas
503 951 581 1028 capit
601 949 744 1028 inprobus
766 949 879 1010 viriles.
926 992 928 997 .

309 1032 420 1094 Credas
443 1039 479 1094 ad
501 1033 931 1104 danaim-ternum·Phasin-..5

308 1117 586 1179 Thermodontiaeas
607 1118 846 1179 calereturmas.
886 1138 942 1168 σιντ

322 1224 326 1235 ·
372 1202 425 1262 llic
447 1202 541 1287 audax
563 1201 640 1262 subit
662 1201 738 1262 ordo
759 1201 951 1280 paludanum*
1010 1230 1013 1236 ,
1041 1224 1044 1229 ·

309 1286 391 1360 Quos
413 1295 514 1347 natura
535 1285 619 1346 brevi
640 1295 715 1346 statu
740 1286 909 1365 peractosd
940 1303 951 1335 ¹·-
996 1316 999 1321 ·
1026 1324 1029 1331 ·

307 1370 458 1431 Nodosum
480 1371 572 1430 semel
596 1373 625 1429 in
645 1370 775 1448 globum·¹
790 1370 901 1448 ligarit.
920 1384 1012 1419 <1-
1094 1410 1096 1414 -
1123 1394 1126 1399 ·

273 1503 275 1507 .
308 1454 404 1515 Edunt
424 1455 546 1516 vulnera
569 1463 784 1534 conseruntque
799 1455 934 1541 'domm

308 1537 346 1598 Et
367 1549 490 1599 mortem
512 1539 584 1617 sibi,
607 1557 664 1618 qua
685 1538 961 1615 manui-*minantur

304 1622 396 1683 ¹Ridet
417 1623 494 1683 Mars
516 1633 600 1703 pater
622 1633 652 1684 et
673 1625 979 1703 cruentatvirtusqs·
1074 1663 1080 1668 -
1146 1698 1150 1707 Ι

309 1704 497 1787 casuraeque
516 1709 600 1786 vagis
622 1726 711 1785 grues
732 1709 843 1788 rapinis
897 1726 921 1755 ·2.=
971 1732 984 1753 .·
1014 1720 1029 1729 ·’
1079 1738 1090 1762 ,·
1190 1750 1193 1755 .
1276 1724 1304 1757 ³·-

308 1790 446 1852 llirantur
468 1794 593 1871 pumilos
615 1793 830 1852 ferociores.=-.‘=
862 1836 866 1841 .
901 1806 934 1841 ἄν
1003 1816 1055 1843 ·.·:·-

371 1875 430 1936 lam
449 1876 543 1936 noctis
565 1876 753 1956 propioribus
773 1876 828 1937 sub
850 1877 959 1942 umbris

308 1960 400 2020 Dives
422 1962 537 2040 sparsio
560 1978 634 2039 quos
654 1962 715 2038 agit
735 1961 887 2022 tumultus!
943 2020 947 2025 .

307 2044 371 2105 lluc
392 2046 496 2105 intrant
517 2045 621 2105 faciles
643 2047 698 2104 emi
720 2045 850 2124 puellae,

307 2128 361 2189 llic
384 2130 552 2207 agnoscitur
574 2130 778 2209 omne,-quod
801 2131 921 2190 theatris

307 2214 365 2274 Aut
387 2214 479 2274 forma
499 2215 599 2294 placet
621 2224 668 2274 aut
689 2214 829 2293 probatur
849 2223 922 2275 arte.

307 2296 372 2358 lloc
395 2298 533 2378 plaudunt
553 2317 648 2376 grege
669 2297 777 2374 Lydiae
800 2308 953 2376 tumentes,

307 2381 364 2442 lllo
383 2383 515 2458 cymbala
534 2384 720 2462 tinnulaeque
744 2382 856 2453 Gades;

226 2540 230 2551 .
307 2464 372 2527 Illic
394 2469 506 2544 agmina
529 2468 709 2527 confremunt
731 2467 881 2544 Syrorum,

307 2548 361 2611 llio
383 2551 469 2630 plebs
490 2553 618 2635 scenican
631 2552 739 2630 quique
762 2553 943 2612 comminutis

307 2634 472 2695 Permutant
493 2637 595 2695 vitreis
617 2635 740 2712 gregale
763 2636 866 2695 sulfur.

244 2764 247 2769 -
307 2717 388 2780 Inter
410 2737 484 2798 quae
507 2720 602 2780 subito
625 2719 730 2779 cadunt
750 2719 850 2781 volatu

306 2802 458 2864 Inmensae
479 2804 630 2864 volucrum
651 2821 707 2882 per
726 2808 805 2864 astra
825 2804 930 2880 nubes,

307 2887 387 2962 Quas
410 2887 491 2948 Nilus
513 2907 599 2949 sacer
617 2888 812 2967 horridusque
834 2888 947 2965 Phasis,

307 2968 387 3046 Quas
406 2973 462 3034 udo
483 2972 624 3034 Numidae
645 2973 746 3050 legunt
766 2973 821 3033 sub
844 2983 953 3035 austro.

266 3068 268 3075 '
306 3057 419 3118 Desunt
441 3060 489 3136 qui
511 3060 640 3137 rapiant,
665 3060 803 3137 sinusque
827 3057 907 3137 pleni

307 3139 453 3218 Gaudent,
477 3142 543 3203 dum
565 3160 641 3203 nova
665 3142 747 3203 lucra
769 3152 990 3225 comparantur,

306 3223 425 3286 Tollunt
448 3227 612 3286 innumeras
634 3227 669 3287 ad
692 3235 769 3287 astra
789 3245 893 3303 voces,

307 3309 470 3370 Saturnalia
491 3312 631 3390 principis
653 3320 803 3387 sonantes,

306 3393 345 3454 Et
366 3394 444 3454 dulci
468 3395 612 3455 dominum
632 3394 734 3454 lavore
758 3395 897 3456 clament:

305 3477 370 3539 lloc
392 3479 487 3539 solum
508 3480 600 3539 vetuit
622 3478 715 3539 licere
737 3476 858 3540 Caesar.

369 3563 493 3624 Vixdum
516 3563 633 3624 caerula
654 3581 714 3623 uox
737 3563 852 3624 subibat
873 3563 984 3640 orbem,

305 3648 466 3709 Descendit
487 3648 583 3708 media
602 3649 697 3708 nitens
718 3667 807 3709 arena

305 3732 421 3795 Densas
441 3733 590 3794 flammeus
613 3733 692 3793 orbis
715 3734 791 3794 inter
810 3731 938 3809 umbras,
