3134 4434
318 441 377 534 170
650 452 682 501 Ρ.
702 451 836 502 PAPINII
856 451 972 503 ochsn

316 611 366 672 Sic
384 609 518 689 amplexa
539 609 613 687 coit,
633 607 733 671 hilaris
754 609 824 689 des,
846 627 917 688 oro,
941 622 1079 692 precatus

315 695 412 756 Nosse
434 704 515 770 tuos,
537 694 681 776 coeloque
699 704 729 755 ct
748 713 819 757 vera
839 697 1020 758 monentibus
1043 699 1123 759 aris·

317 779 481 857 Concilies,
505 788 535 840 et
556 796 630 859 quae
650 778 767 859 populis
789 782 924 860 prolerre
944 781 1080 861 parabas,

315 865 364 926 lle
384 864 507 926 doceas:
525 863 577 925 tibi
597 882 680 927 sacra
702 864 794 925 leram
814 883 967 946 praesaga,
989 867 1090 946 tuique
1276 884 1329 939 ³35

314 949 443 1010 Numinis
465 950 609 1028 interpres
628 958 658 1010 te
680 948 801 1011 Phoebo
818 950 939 1011 absente
960 951 1087 1013 vocabo.

315 1034 370 1096 llle
389 1035 456 1096 milri
477 1033 553 1094 Delo
576 1031 745 1112 Cyrrhaque
767 1037 913 1113 potentior
930 1037 1007 1096 omni

316 1119 381 1194 Quo
402 1121 477 1196 ruis,
496 1118 555 1180 illc·
571 1118 665 1195 adytis
683 1118 788 1178 melior
805 1119 911 1180 locus!
949 1120 1031 1182 Haec
1054 1119 1105 1182 ubi
1124 1121 1227 1204 dicta,

313 1204 470 1285 Nigrantes
489 1213 567 1264 terra
588 1202 719 1282 pecudes
738 1202 922 1282 obscuraque
938 1207 1043 1283 mergit
1128 1240 1132 1247 ·

315 1290 469 1366 Armenta,
489 1306 524 1349 ac
541 1289 615 1348 vivis
639 1287 767 1349 cumulos
788 1289 921 1350 undantis
942 1308 1049 1353 amose

240 1381 242 1386 '
316 1376 449 1455 Aggerat
470 1382 500 1434 et
518 1373 700 1435 uatinrortls
723 1373 877 1435 simulacra
897 1376 1042 1454 rependit.
1126 1388 1132 1417 ⁴

380 1459 460 1521 Talia
482 1457 558 1539 apud
578 1456 697 1532 Graios,
719 1476 805 1538 quum
826 1460 881 1519 iam
902 1457 1042 1520 Mauortia
1061 1469 1170 1524 contra
1198 1508 1201 1513 -
1254 1506 1258 1515 .

316 1543 446 1621 Cornua,
468 1544 525 1604 iam
543 1560 651 1603 saeuos
671 1542 774 1620 fragor
792 1560 898 1604 aereus
917 1547 1025 1605 excitat
1044 1561 1145 1606 enses.

315 1630 404 1691 Addit
420 1628 528 1689 acerba
548 1644 650 1687 sonum
667 1626 823 1688 'lheumesi
838 1630 861 1688 'e
880 1630 991 1690 uertice
1010 1629 1119 1691 crinem

315 1714 476 1789 Incutiena,
497 1713 631 1791 acuitque
653 1710 736 1772 tubas
758 1721 789 1772 et
807 1712 891 1775 sibila
913 1715 1017 1777 miscet
1120 1653 1161 1843 >
1272 1728 1324 1785 aas

316 1798 487 1878 Tisiphonc3
508 1805 605 1875 stupet
626 1795 744 1856 insolito
767 1796 907 1876 clangore
925 1796 1091 1874 Erthacron

315 1883 459 1946 Marcidus
481 1891 510 1942 et
526 1891 622 1942 turres
642 1898 758 1941 carmen
779 1899 838 1942 non
858 1881 916 1943 tale
936 1893 1066 1945 secutae.

314 1969 374 2030 Iam
394 1967 522 2047 trepidas
542 1965 663 2026 Bellona
685 1966 766 2026 fores
786 1977 951 2045 armataque
967 1968 1087 2047 pulsat.
1144 2004 1147 2009 -

314 2054 437 2129 Limina,
458 2053 514 2113 iam
533 2050 622 2112 multo
644 2050 776 2112 laxantur
797 2051 914 2113 cardine
935 2051 1064 2113 Thebae.

316 2137 424 2199 Turbat
445 2155 538 2216 eques
557 2135 685 2215 pedites,
708 2155 809 2197 currus
829 2137 1051 2215 properantibus
1067 2135 1200 2217 obstant,
1265 2152 1322 2208 sto

316 2223 378 2285 Gen
399 2222 490 2282 Danai
512 2229 580 2301 post
600 2229 683 2299 terga
706 2230 852 2301 premunt:
872 2223 915 2282 sic
937 2221 1068 2282 omnibus
1090 2221 1159 2284 alae

314 2309 470 2369 Arctantur
490 2307 599 2386 portis,
622 2315 793 2384 septemque
815 2305 985 2367 excursibus
1007 2306 1137 2373 haerent.

315 2392 437 2471 Ogygiis
457 2393 478 2452 it
499 2401 579 2452 sorte
603 2389 718 2466 Creon,
737 2388 880 2452 Eteoclea
901 2392 1013 2453 mittunt

315 2476 435 2553 Neitae,
461 2477 557 2536 celsas
576 2474 763 2535 Homoloidas
785 2485 910 2555 occupat
929 2475 1070 2552 llaemon,

314 2560 432 2640 Hypsea
454 2560 622 2633 Proetides,
646 2559 756 2619 celsum
774 2559 878 2620 fudere
895 2560 1022 2637 Dryanta
1269 2576 1322 2633 355

314 2645 471 2720 Electrae,
494 2645 585 2724 quatit
603 2642 757 2723 Hypsistas
779 2662 880 2704 manus
900 2644 1135 2721 Eurymedontis,

315 2729 445 2791 Culmina
470 2728 665 2807 magnanimus
684 2730 771 2809 stipat
792 2729 917 2791 Dircaea
935 2729 1122 2791 Menoeceus.

314 2815 415 2890 Qualis
437 2814 487 2875 ubi
504 2813 620 2875 adversi
640 2822 774 2875 secretus
789 2814 898 2894 pabula
917 2815 995 2876 coeli

313 2900 395 2962 Nilus
419 2909 449 2960 et
468 2899 548 2961 ans
568 2915 673 2978 magno
694 2898 767 2959 bibit
788 2917 841 2959 ore
860 2900 987 2979 pruinas,

314 2985 425 3046 Scindit
442 2983 530 3045 fontis
551 3001 625 3063 opes
646 2993 820 3064 septemque
840 2983 1006 3064 patentibus
1027 2985 1126 3045 alueis·
1267 3001 1321 3058 ³6⁰

313 3068 345 3129 ln
362 3087 441 3129 mare
461 3069 519 3137 fert
540 3069 664 3138 hiemes;
684 3070 799 3148 penitus
821 3087 941 3129 cessere
963 3069 1080 3146 iugatae

313 3152 473 3230 Nereides,
497 3153 633 3232 dulcique
655 3155 754 3214 timent
775 3170 933 3214 occurrere
954 3164 1055 3233 ponto.

315 3237 417 3298 Tristis
439 3236 554 3298 atinde
575 3239 695 3316 gradum
715 3238 798 3299 tarde
816 3246 916 3298 mouet
935 3236 1040 3299 lnacha
1063 3239 1169 3318 pubes,
1200 3284 1217 3293 .-

313 3321 474 3401 Praecipue
494 3320 605 3383 Elaeae
625 3322 931 3401 Lacedaemoniaeque
949 3323 1085 3385 cohortes
1196 3372 1199 3377 .

312 3405 351 3468 Et
372 3407 461 3482 Pylon
486 3405 608 3468 subitum
628 3426 693 3468 nam
716 3407 921 3470 Thiodamanta
942 3418 1100 3486 sequuntur
1264 3422 1316 3483 ³05

313 3491 433 3569 Augure
454 3490 593 3568 iruudati,
613 3493 736 3553 necdum
755 3511 912 3553 accessere
933 3495 1056 3570 regenti.

312 3575 376 3637 Neo
395 3584 443 3637 tua
465 3585 513 3651 te,
539 3577 677 3657 princeps
699 3578 859 3656 tripodum,
879 3578 943 3638 sola
963 3579 1075 3655 agmina
1096 3592 1257 3660 qnacrrmt,

313 3659 423 3722 Cuncta
445 3660 572 3740 phalanx
591 3661 646 3721 sibi
667 3662 775 3722 deesse
795 3670 884 3742 putat.
922 3663 1019 3724 blinor
1034 3663 1085 3724 ille
1103 3680 1160 3742 per
1179 3665 1249 3729 alas

312 3744 458 3826 Septimus
481 3755 560 3807 extat
578 3762 671 3826 apex;
692 3746 802 3825 liquido
824 3746 905 3809 velut
924 3748 1047 3810 aethere
1065 3747 1166 3811 nubes-
