3134 4434
300 463 362 526 230
642 479 675 527 r.
696 477 831 527 earnem
851 478 973 528 srurn

297 635 399 694 Amnis
421 643 451 694 ut
472 632 641 694 incumbens
661 635 800 712 longaevi
821 633 931 695 robora
953 637 1069 714 pontis

298 718 434 779 Assiduis
456 728 605 798 oppugnat
623 721 721 797 aquis,
739 721 795 780 iam
818 736 890 781 saxa
908 720 1058 782 fatiscunt
1272 735 1307 790 aas

297 802 480 882 Emotaeque
502 804 617 873 trahes;
639 813 719 865 tanto
739 804 898 866 violentior
917 804 984 881 ille,

299 889 399 948 Saevit
422 890 497 949 enim
519 891 630 949 maiore
653 889 734 966 salo,
757 898 935 968 quassatque
958 888 1129 970 trahitque

299 971 408 1035 Molem
431 992 563 1052 aegram,
585 991 679 1034 nexus
700 975 797 1035 donec
818 975 901 1035 celer
922 972 1030 1035 alveus
1060 992 1175 1039 omues

298 1058 448 1136 Abscidit,
469 1068 498 1118 et
520 1072 606 1119 carso
623 1059 718 1119 victor
740 1061 867 1139 respirat
885 1067 1005 1138 aperto.

362 1144 458 1223 thue
480 1144 571 1222 petita
588 1143 636 1204 diu
659 1145 758 1205 celsus
778 1143 896 1222 fastigia
916 1161 1010 1222 supra
1270 1158 1307 1214 prr

298 1228 424 1290 Eminuit
442 1228 642 1308 trepidamque
663 1247 822 1306 assurgens
844 1228 974 1307 desuper
995 1228 1113 1292 urbem

297 1315 378 1375 Vidit
400 1323 429 1374 et
450 1313 560 1391 ingenti
584 1311 701 1374 Thebas
722 1315 863 1374 exterruit
883 1311 997 1389 umbra,

298 1399 435 1478 Increpat
455 1399 607 1458 attonitos:
627 1397 806 1458 ‘llumileane
825 1397 1000 1477 Amphionis
1025 1417 1138 1479 arces,

298 1484 355 1545 Pro
378 1483 487 1563 pudor!
510 1482 540 1543 bi
558 1482 661 1544 faciles
685 1501 862 1562 carmenque
882 1481 994 1543 inbelle
1015 1489 1139 1565 secuti,

298 1567 337 1629 Et
359 1569 476 1629 mentita
497 1568 544 1629 diu
566 1567 730 1629 Thebarum
750 1568 865 1645 fabula,
888 1563 982 1628 mori?
1270 1581 1305 1637 gp

299 1653 338 1715 Et
359 1654 492 1733 quidnam
513 1656 664 1730 egregium
686 1662 877 1732 prosternere
896 1652 1013 1714 moenia
1035 1655 1133 1716 molli

299 1741 415 1799 structa
436 1735 541 1813 lyra‘l’
584 1737 675 1798 Simul
696 1737 837 1799 insultans
858 1755 1027 1816 gressuque
1050 1757 1215 1823 manuque

298 1822 427 1884 blolibus
450 1822 599 1882 obstantes
620 1839 730 1882 cuneos
752 1823 939 1901 tabulataque
962 1840 1080 1883 saeuus

299 1908 447 1974 Destruit;
471 1906 608 1967 absiliunt
628 1916 752 1985 pontes,
775 1909 905 1987 tectique
927 1911 1091 1968 trementis

300 1995 397 2054 Saxea
419 1992 500 2051 irena
522 1991 636 2069 labant,
655 1992 848 2072 disseptoque
870 2009 981 2070 aggere
1004 2011 1119 2055 rursus
1270 2005 1306 2061 sut

298 2078 395 2139 Utitur
417 2087 446 2136 et
468 2086 584 2137 truncas
606 2095 696 2157 rupes
717 2079 746 2137 in
767 2077 876 2157 templa
899 2077 1067 2155 domosque

298 2163 475 2241 Praecipitat
494 2163 660 2240 frangitque
681 2163 740 2223 auis
761 2163 818 2222 iam
839 2160 989 2222 moenibus
1013 2161 1139 2225 urbem.

364 2247 483 2325 lamque
506 2246 607 2307 lovem
630 2247 708 2307 circa
729 2247 831 2307 studiis
853 2247 970 2308 diversa
989 2245 1177 2313 fremebant

300 2332 441 2411 Argolici·
457 2331 596 2410 Tyriique
619 2330 681 2401 dei;
704 2340 789 2412 pater
812 2348 923 2410 aequus
944 2331 1085 2410 unisque

298 2418 435 2496 Adspicit
456 2418 591 2494 ingentes
612 2416 761 2477 ardentum
783 2417 913 2476 cominus
931 2416 990 2476 iras
1270 2432 1306 2488 ω

300 2505 399 2581 Seque
422 2500 540 2562 obstare
562 2502 657 2570 videt;
679 2502 769 2579 gemit
790 2502 955 2561 inservante
976 2516 1119 2566 noverca

299 2587 387 2649 hiber
408 2595 438 2644 et
458 2584 579 2664 obliquo
601 2595 773 2665 respectans
796 2586 902 2648 lumina
922 2593 1055 2664 patrem:

300 2670 402 2731 ‘Nunc
424 2669 473 2730 ubi
496 2688 584 2730 saeva
605 2688 705 2730 manus
727 2688 852 2750 meaque
873 2671 930 2731 heu
952 2668 1105 2734 cunabula
1129 2675 1278 2752 dammae,

298 2757 436 2832 Fulmen,
458 2756 486 2814 io
509 2754 558 2815 ubi
576 2752 723 2816 fulmeni’
747 2757 796 2816 ait.
841 2754 934 2817 Gemit
954 2763 1060 2816 auctor
1084 2756 1224 2839 Apollo,

301 2842 380 2918 Quas
399 2841 478 2903 dedit
498 2842 581 2920 ipae,
602 2841 719 2911 domos;
740 2840 862 2901 Lernam
885 2839 1064 2919 Thebasque
1086 2848 1238 2924 rependit
1269 2854 1307 2911 tlt

299 2927 431 2987 Moestus
455 2935 485 2986 et
503 2928 612 2986 intento
636 2926 746 2986 dubitat
767 2925 933 3001 Tirynthius
954 2941 1035 2984 arcu.

300 3012 450 3072 Maternos
472 3011 582 3090 plangit
605 3011 728 3070 volucer
747 3010 894 3070 Danaeius
915 3009 1026 3086 Argos.

300 3096 367 3158 Flet
385 3096 484 3156 Venus
505 3095 678 3157 Harmoniae
700 3094 845 3174 populos,
867 3104 1064 3172 metuensque
1087 3104 1197 3164 mariti

301 3183 364 3242 Stat
386 3180 490 3260 procul
508 3189 538 3240 et
559 3181 646 3241 tacita
666 3179 821 3241 Gradivum
840 3179 963 3259 respicit
984 3179 1037 3239 ira.

300 3265 438 3345 Increpat
452 3265 565 3325 Aonios
585 3266 680 3326 audax
698 3264 828 3325 Tritonia
849 3265 943 3326 divos.
1269 3281 1308 3338 gg

299 3350 439 3411 lunonem
460 3351 576 3411 tacitam
596 3349 749 3410 furibunda
769 3350 882 3411 silentia
905 3358 1055 3426 torquent.

364 3435 430 3495 Non
446 3445 543 3495 tamen
561 3434 636 3495 baec
653 3433 769 3496 turbant
790 3453 895 3515 pacem
913 3433 1007 3502 lovis3
1031 3453 1113 3499 ecce
1140 3446 1277 3522 quierant

300 3520 413 3598 Iurgia,
438 3537 523 3598 quum
544 3520 647 3579 mediis
669 3517 823 3598 Capaneus
846 3519 959 3579 auditus
981 3520 1010 3578 in
1032 3525 1144 3585 astris.

302 3605 445 3665 ‘Nullane
464 3620 519 3682 pro
538 3605 676 3682 trepidis,
699 3604 860 3680 clamabat,
880 3605 992 3664 numina
1014 3602 1137 3671 Thebis

302 3687 412 3750 Statis'?
433 3688 480 3750 ubi
501 3688 635 3748 infandae
658 3707 767 3766 segnes
788 3688 902 3749 telluris
925 3688 1041 3763 alumni,
1271 3710 1309 3766 qm

288 3775 428 3840 Bacchus
452 3785 483 3841 et
503 3771 652 3841 Alcides‘l
674 3778 761 3858 piget
775 3775 922 3850 instigare
937 3771 1086 3831 minores.
