3134 4434
300 449 360 515 188
626 463 657 512 e.
681 461 816 510 rarrnrr
839 461 956 511 331311

298 620 424 682 Audisse
445 635 659 698 accensumque
681 627 781 697 putem
805 618 862 679 hoc
884 618 1001 678 fulmine
1022 630 1147 700 raptum

300 705 428 766 Abstulit
449 712 479 763 et
499 703 609 764 similes
630 704 722 764 minus
742 704 906 781 indignatur
927 703 1068 766 habenas,

363 788 487 849 Semifer
509 790 588 851 aeria
609 789 676 849 talia
699 786 860 850 Centaurus
883 787 918 849 ab
943 787 1017 849 Ossa
1271 807 1318 862 220

298 875 405 934 Desilit
425 875 453 933 in
475 873 585 950 valles,
607 875 701 951 ipsum
722 891 842 935 nemora
863 873 920 934 alta
939 875 1128 952 tremiscunt,

300 957 424 1038 Campus
445 977 559 1037 equum.
601 957 719 1037 Trepidi
740 977 827 1020 cursu
848 959 1046 1035 glomerantur
1069 961 1190 1023 anhelo

297 1043 497 1120 Labdacidae,
519 1044 623 1122 premit
645 1043 695 1103 ille
718 1062 824 1123 super,
847 1045 1072 1123 necopinaque
1096 1047 1190 1108 ferro

301 1126 386 1189 Colla
405 1137 518 1188 metens
540 1127 642 1206 linquit
662 1136 781 1189 truncos
803 1137 871 1206 post
893 1136 975 1205 terga
998 1131 1161 1192 cadentes.

362 1212 487 1273 Ventum
507 1221 569 1272 erat
591 1210 628 1274 ad
649 1212 780 1281 lluviuni;
804 1213 891 1273 solito
907 1221 975 1272 tunc
990 1214 1111 1292 plenior
1129 1217 1240 1298 alveo,
1270 1232 1319 1286 135

301 1300 389 1376 Signa
408 1297 492 1374 mali,
514 1315 617 1375 magna
638 1298 770 1358 semele
792 1297 924 1358 Ismenos
945 1298 1063 1375 agebat.

299 1383 354 1444 llla
376 1381 474 1442 brevis
495 1383 631 1461 requies,
659 1382 710 1442 1110
733 1382 830 1442 timida
853 1384 965 1459 agmina
989 1384 1097 1444 lassam

299 1469 346 1529 De
368 1467 477 1546 campis
498 1485 590 1545 egere
611 1467 722 1545 lugam
746 1476 843 1547 stupet
865 1467 980 1546 hospita
1001 1469 1074 1529 belli

300 1551 383 1613 Unda
404 1553 484 1610 viros
506 1552 643 1630 claraque
666 1570 808 1612 armorum
828 1552 989 1613 incenditur
1010 1554 1128 1616 umbra.

301 1636 444 1697 Insiluere
466 1636 566 1712 vadis,
588 1654 751 1715 magnoque
773 1636 893 1715 fragore
914 1637 1028 1697 solutus
1272 1655 1321 1710 230

300 1721 404 1798 Agger
424 1729 453 1780 et
474 1720 616 1782 adversae
638 1721 781 1782 latuerunt
803 1722 924 1800 pulvere
946 1724 1038 1801 ripae.

300 1805 356 1866 Ille
379 1823 495 1883 quoque
517 1804 641 1865 hostiles
662 1804 738 1865 saltu
760 1807 870 1866 maiore
896 1826 950 1886 per
971 1807 1062 1867 undas

300 1890 389 1951 lnruit
411 1891 537 1950 attonitis
559 1924 601 1934 -
623 1890 740 1966 longum
760 1890 905 1952 dimittere
928 1892 1073 1969 habenas,
1096 1927 1144 1942 —-

302 1977 384 2035 Sicut
405 1984 484 2051 erat,
505 1983 612 2035 tantum
630 1975 714 2036 viridi
737 1975 833 2039 delixa
855 1994 1011 2055 parumper

303 2057 442 2141 Cespite,
464 2059 594 2141 populeo
614 2060 796 2121 commendat
816 2062 929 2139 spicula
948 2071 1060 2121 trunco.
1270 2078 1319 2132 235

303 2145 383 2205 Tunc
404 2162 477 2205 vero
500 2145 649 2205 exanimes
669 2145 783 2206 tradunt
802 2145 981 2224 rapientibus
1004 2147 1079 2206 ultro

302 2229 391 2291 Arina
411 2229 510 2290 vadis:
535 2230 584 2290 alii
606 2230 723 2291 dimissa
745 2231 878 2306 casside,
902 2239 1035 2309 quantum

302 2315 438 2376 Tendere
460 2324 581 2377 conatus
601 2316 712 2377 animae
733 2315 854 2376 valuere
875 2316 927 2375 sub
949 2317 1041 2389 undis,

304 2398 401 2479 Turpe
423 2399 525 2468 latent;
549 2399 630 2459 multi
651 2400 766 2460 lluviurn
788 2401 982 2461 transmittere
1004 2401 1099 2461 nando

303 2484 464 2562 Aggressi,
488 2484 540 2545 sed
561 2485 656 2545 vincla
677 2493 794 2561 tenent,
817 2485 959 2565 laterique
982 2497 1127 2564 repugnat
1268 2502 1320 2556 240

303 2569 438 2643 Balteus,
461 2577 490 2627 et
511 2567 640 2628 madidus
664 2568 780 2629 deducit
801 2578 923 2648 pectora
945 2570 1058 2631 thorax.

305 2652 405 2726 Qualis
428 2653 571 2713 caeruleis
592 2654 700 2714 tumido
725 2653 779 2713 sub
803 2657 918 2731 gurgite
939 2665 1035 2717 terror

303 2737 452 2814 Piscibus,
475 2737 573 2798 arcani
594 2739 729 2816 quotiens
750 2738 864 2819 devexa
887 2740 1021 2819 profundi

304 2824 485 2883 Scrutantem
507 2822 643 2902 delphina
663 2824 777 2893 rident;
807 2823 879 2902 fugit
902 2826 992 2885 omnis
1014 2825 1043 2882 in
1065 2825 1139 2886 imos

304 2906 400 2969 Turba
420 2907 518 2984 lacus,
546 2908 713 2989 viridesque
733 2918 811 2969 metu
834 2910 976 2988 stipantur
997 2910 1025 2968 in
1047 2909 1141 2986 algas,
1267 2911 1320 2982 2345

303 2991 367 3052 Nec
389 2993 469 3072 prius
492 2993 614 3071 emersi,
636 3013 722 3073 quam
742 3013 851 3054 summa
873 3013 927 3072 per
945 3011 1074 3073 aequora
1098 2995 1200 3057 llexus

303 3076 433 3154 Emicet,
459 3087 489 3138 et
509 3079 581 3138 visis
601 3079 681 3139 malit
702 3089 817 3139 certare
836 3080 951 3139 carinis.

305 3160 383 3222 Talis
404 3165 464 3239 agit
485 3180 622 3241 sparsos,
644 3163 805 3242 mediisque
826 3165 854 3224 in
876 3163 1011 3224 lluctibus
1032 3162 1122 3224 heros

237 3269 240 3275 ¹
303 3245 398 3307 Frena
419 3266 502 3307 13333
524 3249 649 3326 pariter,
672 3249 781 3327 pariter
804 3249 881 3326 regit
902 3267 980 3309 arma
1001 3249 1170 3328 pedumque

303 3331 437 3409 Remigio
458 3341 598 3392 sustentat
623 3351 744 3411 equum,
766 3342 965 3412 consuetaque
987 3351 1090 3411 campo
1266 3353 1319 3408 250

303 3415 454 3493 Fluctuat,
478 3425 508 3476 et
529 3435 640 3478 mersas
662 3418 737 3478 levis
757 3419 865 3495 ungula
888 3419 1001 3497 quaerit
1023 3437 1138 3478 arenas.

304 3502 413 3561 Sternit
427 3500 496 3562 lona
508 3498 656 3579 Chromis,
673 3499 810 3585 Chromin
821 3503 982 3582 Antiphos,
996 3503 1147 3583 Antiphon
1158 3505 1318 3590 Hypseus,

304 3585 439 3665 Hypseus
462 3586 613 3663 Astyagen
636 3605 848 3667 evasurumque
871 3588 974 3648 relicto

303 3669 396 3732 Amne
418 3670 533 3748 Linum,
554 3671 661 3732 311313
682 3681 798 3749 vetent,
820 3682 850 3733 et
871 3673 991 3733 stamine
1014 3673 1108 3750 primo

290 3754 432 3820 Ablatnnr
455 3757 566 3825 tellure
589 3758 682 3832 mori,
710 3759 822 3841 premit
842 3758 962 3836 agnina
976 3755 1103 3812 hueber
1159 3812 1162 3819 ,
1272 3778 1330 3825 qq,
