3134 4434
569 484 769 535 sueonos
790 487 862 536 utu.
881 486 955 536 vnn
1199 475 1258 540 103

267 638 444 718 Tisiphone,
466 649 512 718 et,
536 641 693 719 siquando
713 641 798 703 novis
818 643 977 721 asperrima
999 647 1144 720 monstris,

267 723 379 797 Triste,
402 726 559 802 insuetum,
582 730 702 804 iugens,
727 726 804 806 qnod
824 726 948 788 noudum
967 728 1072 789 viderit
1093 729 1204 805 aether,

264 808 330 869 Ede
352 809 451 886 uelas,
477 810 554 889 quod
574 812 663 871 mirer
683 829 741 889 ego
763 811 967 892 invideantque
988 830 1117 874 sorores.

263 893 362 973 Atque
385 894 459 955 adeo
481 895 605 973 iratres,
626 899 792 976 nostrisque
811 896 886 957 haee
908 899 1001 959 omina
1020 907 1104 958 sunto

263 978 357 1038 Prima
380 979 470 1055 odiis,
493 978 600 1041 iratres
619 981 730 1043 alterna
748 983 776 1043 in
797 981 917 1042 vulnera
937 982 1014 1043 laeto
1101 1015 1103 1019 ·
1201 992 1258 1049 .to

263 1061 356 1123 lilarte
378 1072 476 1132 ruaut;
497 1065 550 1140 sit,
570 1066 618 1144 qui
638 1065 801 1127 rabidarum
821 1083 903 1127 more
924 1067 1051 1129 ferarum

262 1147 379 1208 Mandat
401 1157 485 1208 atron
506 1148 612 1211 hostile
635 1161 740 1229 caput,
763 1152 877 1230 quique
893 1152 961 1228 igne
982 1169 1120 1231 supremo

262 1231 374 1292 Arceat
392 1235 538 1295 exanimes
561 1244 591 1295 et
610 1235 741 1297 manibus
761 1235 881 1297 aethera
901 1235 984 1297 nudis

264 1314 478 1384 Commaculet;
499 1319 579 1379 iuvet
600 1321 655 1381 ista
675 1320 769 1381 lerum
790 1329 926 1398 spectare
945 1319 1113 1381 Tonantem.

262 1400 419 1462 Praeterea
440 1420 477 1462 ne
500 1404 563 1464 sole
584 1403 666 1465 furor
684 1423 748 1466 mea
767 1422 858 1482 regna
878 1404 1015 1481 lacessat,
1224 1413 1258 1468 to

262 1484 380 1559 Quaere
403 1486 465 1546 deis
488 1488 536 1568 qui
556 1487 634 1549 bella
654 1489 748 1564 ierat,
771 1490 819 1567 qui
840 1488 965 1550 fulminis
987 1490 1069 1567 ignes

260 1568 458 1650 lulestumque
489 1574 587 1634 lovem
610 1572 706 1652 clipeo
727 1574 853 1635 fumante
872 1573 1007 1652 repellat.

260 1652 342 1713 Faxo
364 1657 439 1717 haud
462 1660 498 1718 sit
518 1659 627 1719 cunctis
650 1659 745 1720 levior
763 1667 875 1734 metus,
899 1667 959 1719 atra
982 1675 1102 1720 monere

263 1737 399 1818 Tartara,
421 1742 568 1804 lroudeuti
591 1760 675 1822 quam
696 1744 818 1821 iungere
840 1742 942 1803 Pelion
964 1741 1080 1804 Ossae’

324 1823 460 1895 Diuersum
481 1836 568 1906 atque
586 1828 629 1889 illi
646 1828 808 1889 iamdudum
829 1830 913 1905 regia
932 1827 1025 1903 ¹tristis
1221 1840 1257 1895 80
1335 1900 1338 1905 ,

259 1907 398 1970 Attremit
418 1913 528 1990 oranti,
549 1930 658 1991 suaque
679 1921 709 1974 et
729 1930 804 1992 quae
824 1912 953 1991 desuper
971 1922 1056 1989 urget

259 1993 384 2056 Nutabat
404 1996 508 2058 tellus:
528 2014 585 2057 non
607 1997 710 2058 lortius
735 1997 854 2058 aethera
873 1997 955 2061 vultu

260 2078 391 2159 Torquet
412 2091 441 2140 et
461 2081 613 2141 astriferos
634 2082 753 2143 inclinat
771 2079 907 2160 luppiter
923 2098 1005 2141 axes.

324 2164 382 2225 ‘At
401 2165 452 2225 tibi
473 2182 561 2243 quos,
582 2168 687 2246 iuquit,
709 2165 826 2241 Manes,
842 2166 894 2243 qui
916 2166 1006 2225 limite
1029 2183 1175 2246 praeceps

258 2248 324 2309 Non
345 2249 425 2309 licito
446 2252 601 2329 perinane
622 2247 720 2311 ruisl'
753 2248 838 2313 sntn
852 2249 909 2310 ille
927 2251 1080 2311 minantem
1220 2263 1254 2316 85

258 2333 317 2394 lam
336 2335 429 2394 tenuis
449 2336 530 2410 visu,
552 2336 607 2396 iam
629 2333 854 2397 vanescentibus
876 2335 977 2434 ermis,

257 2417 318 2479 lam
338 2419 447 2498 pedes,
467 2380 595 2481 extlucto
616 2429 712 2483 tamen
730 2421 913 2498 interceptus
930 2421 959 2480 in
982 2435 1045 2481 ore.

257 2503 379 2580 Augurii
397 2505 535 2584 perdurat
553 2505 663 2581 honos,
686 2503 875 2604 obscuraqqe
892 2504 980 2567 fronti

256 2587 335 2647 Vitta
356 2597 467 2666 manet,
490 2608 655 2670 ramumque
674 2598 754 2653 tenet
774 2591 923 2651 morientis
945 2588 1053 2649 oliv-ae.
1094 2654 1096 2659 .

322 2674 371 2733 ‘Si
394 2674 463 2734 licet
486 2684 515 2735 et
537 2677 645 2737 sanctis
664 2675 712 2737 bic
731 2691 788 2737 ora·
802 2674 958 2737 resolvere
977 2673 1022 2734 las
1044 2683 1090 2733 est
1218 2684 1254 2738 00

257 2755 405 2834 Manibus,
429 2776 446 2819 o
470 2761 580 2819 eunctis
602 2761 698 2823 lluitor
715 2761 838 2821 maxime
860 2777 968 2833 rerum,

257 2841 297 2900 At
317 2842 402 2918 milri,
426 2844 473 2921 qui
493 2845 635 2921 quondum
657 2862 760 2907 causes
781 2843 985 2920 elementaque
1004 2859 1115 2916 noram,
1200 2884 1203 2889 -

256 2925 295 2985 Et
316 2927 408 2986 satori
429 2943 499 3003 oro,
520 2929 610 2987 minas
633 2928 835 3007 stimulataque
856 2926 944 2986 corda
966 2924 1107 3000 remulce,

256 3009 366 3070 Neve
358 3029 400 3071 rra
419 3011 539 3088 dignare
559 3011 714 3072 homiuem-2
725 3021 754 3072 et
775 3020 824 3071 tua
846 3011 907 3071 iura
929 3010 1085 3069 timentem.
1200 3064 1219 3085 ,
1248 3033 1256 3065 t

255 3089 1253 3174 NamnecadHerculeosmuudelreeomihipectora?—raptuq95·

255 3179 319 3239 Nec
338 3179 484 3241 Venerem
508 3181 660 3258 inlicitam,
681 3181 769 3243 crede
791 3180 836 3243 bis
854 3178 1032 3280 insignibus,
1051 3182 1115 3241 ausi

255 3264 395 3325 lntramus
416 3264 542 3335 bethem
564 3267 657 3344 lugiet
677 3285 734 3329 nec
754 3267 846 3327 tristis
867 3266 895 3325 iu
919 3272 1029 3335 autrum

257 3348 420 3427 Cerberus,
439 3360 489 3412 rut
513 3361 629 3412 nostros
651 3353 750 3413 timeat
770 3350 944 3429 Proserpina
967 3367 1077 3411 currus

254 3435 356 3511 Augur
378 3435 541 3515 Apollineis
563 3437 650 3499 modo
672 3437 895 3505 dilectissimus
892 3434 968 3510 eris,
1029 3484 1032 3491 .
1061 3472 1064 3477 -

254 3516 379 3579 Testor
371 3539 454 3580 unaue
467 3522 622 3599 cbaos,-
579 3522 701 3601 -quid
713 3522 788 3583 euim
799 3521 846 3581 hic
856 3518 991 3581 iurandus
1003 3516 1134 3598 Apollo?
1145 3533 1249 3585 too

254 3603 379 3665 Crimine
400 3623 457 3665 nou
478 3606 538 3667 ullo
559 3606 653 3669 subeo
674 3623 750 3668 nonu
769 3605 847 3680 lata,
869 3622 925 3665 nec
944 3603 1019 3673 alma

254 3690 304 3749 Sic
326 3692 416 3750 merui
436 3690 473 3752 de
493 3691 560 3752 luce
577 3693 658 3771 rupi:
682 3692 738 3752 scit
756 3690 860 3752 iudicis
880 3707 951 3750 urna

253 3772 380 3851 Dictaei,
404 3794 560 3858 rerumque
582 3789 682 3860 potest
703 3776 897 3863 deprendere
910 3772 1031 3839 muot-
1059 3814 1127 3908 w
