3134 4434
269 464 336 528 260
604 479 635 526 P.
659 478 792 526 unsrun
814 478 929 527 annun

335 634 430 694 ‘Urbs
451 644 549 713 optata
572 635 667 714 prius,
691 653 766 694 nuno
788 644 865 694 tecta
884 635 1004 694 hostilia
1032 635 1181 715 Thebae,

272 721 311 781 Et
331 731 427 798 tamen
443 720 569 779 inlaesas
591 723 616 780 si
634 720 732 780 reddis
753 721 883 796 coniugis
903 718 1040 796 umbras,

273 807 324 868 Sic
345 821 462 884 quoque
484 805 568 864 dulce
589 805 700 880 solum,
723 806 833 878 cernis,
857 820 915 882 quo
937 806 1085 882 praedita
1109 811 1208 887 cultu,

273 891 337 964 Qua
360 892 463 968 stipata
479 908 562 950 manu
580 891 658 950 iuxta
678 899 726 949 tua
748 891 863 949 moenia
883 890 1005 967 primum

273 974 432 1053 Oedipodis
453 976 548 1052 magni
568 977 654 1035 venio
674 971 781 1034 nurus?
803 973 924 1052 inproba
945 991 1003 1032 non
1031 986 1106 1036 suut
1245 990 1288 1043 noo

271 1059 363 1119 Vota:
384 1077 475 1136 rogos
493 1060 602 1138 hospes
624 1059 828 1138 planctumque
848 1068 878 1117 et
898 1057 1001 1117 lunera
1026 1077 1149 1137 posco.

270 1144 371 1221 Illum,
395 1162 467 1220 oro,
491 1154 637 1204 extorrem
657 1147 741 1221 regni
763 1143 902 1222 belloque
924 1143 1074 1223 iugatum,

272 1230 371 1305 Illam,
393 1248 478 1308 quem
499 1230 573 1289 solio
595 1246 653 1288 nou
675 1248 707 1288 es
730 1229 845 1305 dignata
867 1236 1001 1306 paterno,

272 1314 376 1375 Redde
398 1315 479 1384 mihi;
499 1324 604 1393 tuque,
628 1332 700 1390 oro,
721 1315 804 1388 reni,
828 1314 852 1372 si
872 1311 1001 1371 manibus
1026 1315 1095 1375 ulla

272 1398 397 1476 Effigies
421 1408 575 1478 errantque
598 1401 709 1460 animae
732 1407 799 1478 post
820 1396 948 1457 membra
971 1397 1111 1460 solutae.

274 1484 319 1545 Tu
339 1485 407 1544 mihi
429 1485 522 1562 pande
540 1486 619 1560 vias,
639 1494 746 1562 tuaque
767 1485 832 1561 ipse
854 1482 890 1542 ad
910 1482 1014 1542 lunera
1041 1485 1163 1564 deduc,

274 1571 306 1631 Si
328 1571 442 1628 merui?
484 1568 581 1643 Dixit,
605 1578 771 1648 tectumque
793 1584 934 1646 aggressa
953 1571 1159 1651 propinquae

272 1654 423 1716 Pastorale
444 1672 531 1714 casae
552 1654 647 1714 reficit
669 1654 823 1733 spiramina
844 1651 940 1710 fessi·

272 1739 369 1816 lgnis,
393 1748 422 1797 et
443 1738 605 1799 horrendos
624 1740 757 1817 inrumpit
774 1737 888 1798 turbida
907 1754 1040 1815 campos.

339 1822 439 1897 Qualis
460 1823 495 1883 ab
513 1822 652 1884 Aetnaeis
674 1840 799 1882 accensa
818 1821 949 1900 lampade
972 1825 1058 1882 saxis

274 1907 352 1968 Orba
371 1906 464 1968 Ceres
485 1925 608 1985 magnae
628 1907 760 1968 variabat
778 1908 903 1984 imagine
925 1906 1063 1968 dammae

273 1994 433 2052 Ausonium
451 1993 637 2070 Siculumque
658 1993 748 2067 latus,
766 1993 890 2069 vestigia
909 1993 983 2068 nigri

274 2078 411 2156 Raptoris
433 2087 591 2156 vastosque
615 2078 718 2155 legens
739 2079 769 2136 in
791 2078 913 2156 pulvere
932 2076 1047 2136 sulcos.

274 2162 356 2223 Illius
379 2163 486 2222 insanis
507 2162 662 2223 ululatibus
685 2165 750 2241 ipse
770 2163 894 2239 remugit

274 2247 440 2308 Enceladus
462 2257 607 2326 ruptoque
626 2249 690 2307 vias
711 2247 858 2307 inluminat
877 2248 947 2323 igni.

275 2332 485 2410 Persephonen
504 2350 620 2407 amnes,
645 2332 751 2407 silvae,
773 2331 865 2407 freta,
888 2330 985 2393 nubila
1009 2333 1163 2418 clamant,

275 2416 486 2495 Persephonen
506 2427 613 2477 tautum
633 2419 726 2493 Stygii
747 2425 826 2476 tacet
842 2416 906 2477 aula
927 2418 1031 2476 mariti.

342 2501 486 2561 Admonet
508 2503 655 2562 attonitam
676 2501 758 2583 lidus,
769 2503 933 2561 meminisse
956 2498 1105 2566 Creontis

276 2586 363 2645 hltor
385 2595 414 2645 et
434 2586 577 2646 occultam
596 2585 764 2645 submittere
782 2586 915 2665 lampada
937 2585 1026 2646 furto.

277 2671 391 2747 Regina
410 2670 567 2747 Argolicas
588 2670 674 2730 modo
696 2670 848 2731 formidata
870 2689 925 2749 per
943 2671 1047 2747 urbes,

276 2755 384 2815 Votum
400 2757 512 2815 inmane
529 2758 627 2834 procis
647 2773 775 2834 spesque
795 2756 997 2832 augustissima
1013 2766 1133 2840 gentis,

277 2841 372 2901 Nocte
395 2840 447 2900 sub
468 2841 587 2917 infesta,
609 2841 688 2900 nullo
709 2841 783 2900 duce
807 2850 836 2901 et
857 2841 941 2900 hoste
964 2846 1147 2927 propinquo

278 2925 348 2986 Sola
370 2943 423 3003 per
444 2927 573 2985 offensus
595 2942 736 2986 armorum
763 2935 793 2985 et
811 2925 922 2985 lubrica
942 2925 1012 2985 tabo

280 3011 427 3086 Gramina,
449 3029 506 3070 non
527 3010 680 3086 tenebras,
703 3026 759 3069 non
781 3009 953 3070 circumfusa
974 3016 1166 3080 tremiscens

281 3095 412 3154 concilia
429 3096 592 3155 umbrarum
606 3104 692 3173 atque
708 3096 815 3154 animas
831 3113 882 3155 sua
897 3094 1026 3156 membra
1046 3116 1230 3176 gementes,
1243 3116 1288 3172 233

279 3182 376 3258 Saepe
398 3181 487 3256 gradu
510 3197 601 3241 caeco
621 3180 729 3240 ferrum
752 3179 921 3258 calcataque
942 3180 1002 3241 tela

279 3264 463 3341 Dissimulat,
487 3266 626 3344 solusque
650 3264 733 3325 labor
753 3267 845 3324 vitare
865 3267 1007 3342 iacentes,

279 3349 353 3409 Dum
375 3349 460 3408 funus
480 3358 560 3429 putat
579 3368 664 3410 omne
685 3369 779 3424 suum,
802 3351 925 3428 visuque
947 3355 1050 3427 sagaci

281 3434 410 3494 Rimatur
427 3437 541 3512 positos
559 3445 589 3496 et
606 3452 732 3514 corpora
751 3451 843 3514 prona
862 3437 976 3513 supinat

282 3518 469 3593 lncumbens,
493 3522 679 3599 queriturque
701 3538 801 3598 parum
822 3518 984 3579 lucentibus
1007 3527 1114 3586 astris.
1246 3542 1289 3597 eqo

344 3604 432 3665 Forte
455 3604 635 3683 soporiferas
655 3605 731 3665 coeli
751 3613 868 3664 secreta
888 3622 945 3682 per
966 3605 1090 3670 umbras

278 3688 367 3765 luno,
390 3692 453 3750 sinu
474 3691 569 3768 magni
590 3700 682 3749 semet
703 3691 795 3750 iurata
815 3691 919 3764 mariti,

273 3773 409 3840 Theseos
430 3779 469 3842 ad
491 3795 611 3858 muros,
635 3786 666 3840 ut
685 3774 810 3838 Pallada
826 3775 1078 3848 hemerammum,
