3134 4434
321 424 380 489 168
661 436 693 484 a.
715 433 848 484 naemu
868 432 986 483 susam

315 593 365 655 Nil
386 591 510 654 stridere
532 590 608 653 lomi
629 592 767 653 volucres
788 600 820 651 nt
839 591 930 651 sensit
951 588 1091 668 abactas,

315 677 446 739 Necdum
468 685 527 739 tota
549 677 639 754 tides,
660 676 760 737 hilaris
778 692 953 754 mensasque
974 683 1143 757 torosque,

315 760 381 823 Neo
403 760 514 823 turbata
538 762 608 822 leris
625 762 759 822 tractarit
779 760 885 841 pocula
907 761 1022 840 pennis.

381 844 487 907 cetera
508 845 657 908 Graiorum
677 846 753 906 curis
775 847 920 925 armisque
937 843 1058 905 iacebat

316 931 409 994 Fessa
431 931 553 1000 cohors;
577 931 635 992 alto
658 939 818 991 castrorum
838 949 877 990 ex
897 947 1008 1008 aggere
1030 927 1193 990 Adrastus
1276 936 1316 994 att

314 1016 471 1080 baetihoos
495 1017 574 1077 tenui
597 1013 732 1094 captabat
751 1015 841 1076 corde
861 1014 1008 1090 turnultus,

317 1100 495 1180 Quamquam
515 1118 606 1178 aeger
623 1100 722 1176 senio,
745 1099 878 1178 selegit
899 1096 1064 1159 miseranda
1085 1107 1235 1178 potestas

315 1185 472 1264 Invigilare
490 1185 583 1245 malis.
621 1183 705 1245 lllum
724 1202 829 1246 aereus
850 1184 976 1263 undique
997 1181 1120 1243 clamor

317 1270 507 1350 Thebanique
528 1278 612 1329 urunt
633 1271 761 1346 sonitus,
785 1277 814 1328 et
836 1285 932 1329 amara
952 1268 1077 1329 lacessit

317 1355 418 1432 Tibia,
438 1354 602 1416 tumninio
622 1370 715 1415 voces
733 1370 867 1414 marcore
888 1351 1034 1432 superbae
1278 1360 1320 1417 stt

315 1440 509 1519 Incertacqua
529 1441 626 1516 iaces,
648 1447 678 1499 et
698 1439 754 1501 iam
773 1438 849 1498 male
872 1436 997 1517 pervigil
1015 1436 1107 1512 ignis.

316 1527 368 1588 Sic
389 1524 438 1584 ubi
456 1543 511 1604 per
532 1525 635 1585 hactus
654 1540 712 1583 uno
733 1525 804 1583 ratis
825 1522 928 1583 obruta
949 1537 1050 1582 somno

320 1606 482 1686 Conticuit,
503 1611 631 1688 tantique
649 1609 736 1668 maris
758 1625 863 1669 secura
884 1609 1016 1667 iuventus

317 1693 492 1754 blandatene
514 1694 637 1762 animam
660 1692 740 1753 solus
759 1701 816 1752 stat
835 1709 934 1772 puppe
957 1689 1101 1767 magister

318 1778 445 1854 Pervigil
465 1778 660 1856 inscriptaque
683 1776 756 1837 dens
777 1778 826 1856 qui
847 1777 964 1854 navigat
983 1774 1060 1836 alno.
1278 1782 1325 1840 sto

381 1861 508 1942 Tempus
526 1870 607 1938 erat,
627 1864 740 1922 iunctos
762 1879 848 1941 quum
867 1862 923 1923 iam
945 1875 1032 1920 soror
1051 1858 1144 1936 ignca
1164 1860 1287 1926 Phoebi

319 1947 413 2008 Sentit
434 1963 527 2027 equos
548 1947 720 2026 penitusque
740 1963 839 2007 cavam
861 1944 914 2005 sub
936 1944 1003 2005 luce
1024 1953 1130 2023 parata

319 2031 428 2092 Oceani
444 2032 555 2110 mugire
576 2031 707 2108 domum,
730 2047 858 2110 seseque
878 2038 1033 2108 vagantem

319 2115 440 2194 Colligit
462 2126 492 2177 et
511 2126 590 2178 moto
612 2117 717 2179 leviter
737 2115 819 2194 fugat
840 2123 918 2175 astra
939 2112 1069 2192 flagello.

320 2200 480 2262 Concilium
501 2220 556 2262 rex
576 2203 659 2262 triste
674 2210 776 2277 vocat,
796 2207 995 2279 quaeruntque
1011 2207 1182 2278 gementes,
1277 2210 1326 2269 πῇ

319 2285 391 2359 Quis
409 2287 540 2367 tripodas
561 2304 717 2347 successor
737 2293 821 2362 agat,
844 2301 902 2364 qno
923 2282 1038 2363 prodita
1058 2282 1161 2344 lauros

319 2369 459 2431 Transeat
480 2380 567 2451 atque
588 2371 688 2432 orbum
708 2371 798 2431 vittae
819 2368 930 2429 (leons.⁴
960 2367 1043 2428 llaud
1062 2383 1164 2447 mora,
1190 2373 1296 2435 cuncti

317 2453 463 2532 Insignem
480 2456 556 2516 lama
577 2465 737 2534 sanctoque
757 2452 942 2532 llelampode
961 2460 1070 2514 cretum

318 2538 524 2600 Thiodamanta
544 2538 661 2615 volunt,
684 2540 798 2617 quicum
815 2540 880 2617 ipse
901 2555 1006 2600 arcana
1027 2536 1151 2597 deorum

318 2623 421 2683 Partiri
442 2631 471 2682 et
493 2624 571 2684 visas
591 2624 639 2682 uni
659 2623 774 2683 sociare
796 2622 913 2683 solebat
1276 2634 1329 2691 m

318 2707 508 2787 Ambiaraus
531 2725 617 2784 aves,
639 2715 795 2785 tantaeque
815 2706 890 2768 haud
912 2703 1024 2767 invidus
1043 2705 1112 2765 artis

319 2791 469 2856 Gaudebat
489 2793 547 2854 dici
568 2791 690 2853 similem
711 2793 848 2871 iuxtaque
870 2789 1036 2852 secundum.

317 2878 402 2940 lllum
422 2878 525 2956 ingens
543 2878 691 2939 confundit
711 2876 806 2937 honos
825 2877 1000 2955 inopinaque
1020 2872 1116 2934 turbet

319 2963 435 3039 Gloria,
459 2972 489 3023 ct
510 2963 624 3024 oblatas
644 2961 764 3022 lrontles
786 2961 945 3021 submissus
965 2958 1077 3034 adorat,

319 3049 418 3126 Seque
445 3048 527 3109 oneri
548 3055 635 3125 negat
657 3064 724 3107 esse
746 3064 846 3125 parem
871 3047 997 3123 cogique
1019 3051 1156 3104 meretur.
1274 3052 1328 3110 285

382 3132 462 3192 Sicut
482 3131 694 3193 Achaemenius
716 3130 820 3191 solium
844 3139 1007 3208 gentesque
1027 3134 1169 3207 paternas

319 3214 447 3294 Excepit
468 3217 494 3276 si
515 3216 592 3277 forte
612 3234 703 3295 puer,
725 3216 772 3275 cui
793 3216 894 3275 virere
915 3223 1028 3293 patrem

319 3300 437 3376 Tutius,
459 3301 570 3363 incerta
589 3301 741 3361 formidine
761 3300 867 3377 madia
888 3298 983 3374 librat,

319 3384 434 3446 Aufidi
454 3400 613 3464 proceres,
635 3403 672 3446 ne
693 3394 803 3464 pugnet
820 3384 925 3462 vulgus
945 3381 1092 3454 habenis‚'=

321 3468 375 3530 (lui
396 3469 471 3531 latus
489 3467 670 3549 Euphratae,
691 3471 738 3528 cui
759 3467 864 3548 Caspia
885 3468 979 3529 limina
995 3464 1120 3526 mandet.
1180 3500 1183 3505 -
1276 3476 1330 3533 ago

321 3555 443 3615 Sumere
464 3564 531 3615 tono
554 3571 639 3614 arcus
660 3554 812 3633 Ipsumque
835 3570 959 3613 onerare
979 3558 1099 3611 veretur

320 3638 411 3701 Patris
434 3656 555 3719 equum,
577 3639 716 3717 meusque
737 3638 793 3698 sibi
812 3654 869 3699 nec
888 3646 1006 3717 sceptra
1026 3634 1128 3714 capaci

321 3724 491 3787 Sustentare
508 3741 593 3785 manu
613 3738 669 3783 nec
689 3722 782 3785 adhuc
804 3722 919 3805 inplere
938 3722 1049 3783 tiaram.
