3134 4434
325 449 367 512 66
638 490 641 503 .
705 459 1029 510 P.Ph1>1u118nnn11

326 616 419 679 Casus
441 623 470 677 et
490 623 551 677 atra
572 613 652 693 dios,
671 633 747 696 quae
765 615 818 679 lati
840 617 960 678 exordia
981 617 1102 694 cunctis,

326 702 410 778 Quae
430 700 514 772 mihi;
538 701 661 762 consulti
681 710 775 763 testor
798 702 959 782 penetralia
980 702 1075 762 muntii

325 784 363 847 Et
384 786 534 848 uolucrum
556 786 659 848 aliatus
678 795 708 846 et
727 796 776 865 te,
796 785 997 864 Thymbraee,
1019 785 1135 848 iocanti

325 871 391 931 Non
412 871 484 932 alias
505 879 563 932 tam
581 888 671 931 saeve
697 872 780 952 mihi,
801 888 877 951 quae
900 872 983 948 signa
1006 870 1092 931 futuri

325 955 508 1026 Pertulerim;
528 956 588 1017 ridi
609 956 733 1033 ingentis
755 964 890 1036 portenta
910 957 1019 1016 ruinae.
1249 1024 1252 1029 ,
1277 972 1328 1026 646

323 1041 390 1102 vidi
411 1040 556 1103 hominum
576 1040 729 1121 dirumque
748 1039 832 1102 nefas
848 1040 1028 1120 hilaremque
1044 1039 1228 1120 Megaeram,

324 1123 362 1187 Et
379 1126 532 1187 Lachesim
553 1125 629 1205 putri
647 1133 817 1188 vacuantem
839 1125 959 1186 saecula
982 1142 1085 1203 penso.

389 1209 535 1271 ‘Proicite
558 1228 636 1270 arma
656 1227 756 1271 manu:
778 1211 851 1271 deus
873 1227 945 1270 ecoe
968 1209 1128 1270 furentibus
1149 1212 1262 1291 obstat,

324 1295 406 1357 Ecce
429 1295 511 1355 deus.
553 1293 653 1356 Miseri
675 1294 743 1374 quid
757 1294 910 1375 pulchrum
931 1296 1071 1372 sanguine
1092 1297 1172 1357 victo

326 1381 447 1441 Aoniam
466 1389 496 1440 et
517 1380 571 1441 diri
590 1389 721 1441 saturare
741 1379 858 1441 novalia
881 1377 1000 1440 Cadmi?
1275 1394 1326 1450 645

325 1465 386 1526 Sed
405 1464 474 1544 quid
494 1482 568 1525 vana
589 1481 680 1542 cano,
703 1464 772 1546 qold
792 1454 977 1526 lixos‘orceo
1000 1461 1105 1524 casus?

323 1549 455 1610 Ibimus!
490 1548 545 1610 llic
566 1566 672 1628 presso
694 1550 804 1628 gemuit
826 1549 910 1610 simul
932 1566 985 1615 ore
1004 1549 1155 1610 sacerdos.

388 1634 472 1695 Illum
492 1634 595 1694 itemm
618 1632 787 1713 Capaneus:
811 1634 907 1695 ‘Tuus
931 1651 948 1693 o
968 1634 1066 1711 iuror,
1090 1652 1201 1716 augur,
1225 1647 1255 1698 et
1279 1642 1322 1699 uni

324 1719 383 1780 lsta
403 1718 470 1795 tibi,
495 1728 526 1779 ut
546 1737 648 1779 serves
665 1735 775 1780 vacuos
791 1720 932 1798 inglorius
953 1717 1062 1796 Argos,

324 1803 363 1865 Et
382 1812 429 1864 tua
450 1820 508 1864 non
529 1821 662 1883 umquam
682 1803 850 1880 Tyrrhenus
867 1813 1005 1882 tempora¹
1020 1804 1132 1864 'circum
1274 1821 1326 1877 650

326 1886 456 1968 Clangor
475 1897 531 1948 eat.
575 1888 650 1963 Quid
670 1897 739 1948 vota
755 1888 848 1950 virum
867 1887 989 1949 meliora
1012 1887 1156 1950 moraris?

325 1973 447 2035 Scilicet
467 1982 499 2033 nt
515 1974 598 2034 ranis
617 1973 718 2034 avibus
735 1974 862 2053 natoque
884 1973 1030 2053 domoque

266 2127 270 2133 ,
324 2058 362 2120 Et
383 2059 515 2119 thalamis
536 2059 650 2139 potiare
672 2059 789 2137 iacens,
810 2058 946 2119 sileamus
964 2057 1046 2118 inulti

324 2143 443 2220 Tydeos
464 2144 577 2223 egregii
595 2142 761 2225 perfossum
783 2152 887 2223 pectus
907 2152 937 2204 et
955 2160 1033 2205 arma

322 2229 465 2291 Foederis
485 2226 619 2309 abrupti?
639 2228 743 2308 quodsi
761 2228 841 2290 bella
860 2228 950 2290 eliera
972 2226 1075 2289 Graios
1274 2244 1324 2298 655

324 2312 416 2374 Ferre
437 2322 538 2393 vetas,
558 2315 568 2374 i
589 2313 725 2375 Sidonios
745 2314 860 2392 legatus
880 2313 916 2375 ad
935 2313 1046 2373 hostes.

323 2398 405 2459 llaec
427 2416 530 2478 pacem
550 2397 603 2459 tibi
624 2407 703 2459 serta
725 2397 847 2459 dabunt:
868 2406 916 2458 tua
936 2414 1058 2477 prorsus
1080 2396 1155 2458 inani

323 2482 423 2543 Verba
444 2482 514 2562 polo
537 2500 642 2543 causas
660 2482 852 2563 abstrusaque
870 2484 980 2543 semina
1001 2499 1097 2542 rerum

323 2562 472 2627 illiciunt?
493 2567 612 2627 miseret
635 2584 789 2647 superum,
809 2567 835 2626 si
854 2568 980 2628 carmina
1003 2585 1090 2627 curae

322 2650 529 2730 Humanusque
550 2668 668 2730 preces.
714 2650 791 2725 Quiri
811 2651 914 2711 inertia
935 2660 1056 2732 pectora
1074 2651 1192 2714 terres?
1272 2668 1325 2724 666

324 2736 434 2797 Primus
456 2736 485 2796 in
506 2734 579 2797 orbe
601 2736 674 2796 deos
695 2734 768 2796 iecit
788 2735 888 2813 timor,
912 2745 942 2796 et
962 2736 1013 2797 tibi
1036 2746 1097 2797 tuto

324 2820 408 2883 Nunc
427 2831 475 2883 eat
494 2821 550 2882 iste
565 2820 659 2883 ioror.
700 2820 760 2883 Serl
781 2821 873 2901 prima
892 2820 927 2881 ad
949 2821 1073 2882 classica
1095 2840 1181 2901 quum
1202 2827 1258 2887 iam

323 2905 466 2968 Hostilem
486 2905 622 2968 Ismenon
640 2906 735 2985 galeis
756 2905 925 2985 Dircenque
947 2906 1090 2984 bibemus,

323 2991 368 3051 Ne
387 2991 455 3052 mihi
477 3001 562 3068 tono,
584 3008 707 3068 moneo,
730 2991 818 3053 lituos
840 3000 928 3071 atque
950 3009 1028 3053 arma
1049 2991 1170 3071 uolenti,

323 3074 433 3137 Obvius
454 3077 497 3138 ire
519 3093 607 3157 pares
623 3077 778 3157 ventisque
800 3083 848 3138 aut
866 3076 934 3137 alite
955 3078 1018 3137 uisa
1271 3091 1323 3147 666

321 3160 468 3221 Bellomm
488 3160 623 3242 prolerre
641 3162 726 3222 diem.
767 3160 873 3222 Procul
891 3161 965 3223 haec
986 3160 1038 3222 tibi
1058 3162 1153 3223 mollis

320 3244 414 3306 lniula
435 3245 614 3326 terrificique
636 3245 729 3307 aberit
747 3246 892 3307 dementia
910 3245 1029 3308 Phoebi.

321 3327 387 3390 lllio
409 3348 501 3409 augur
522 3347 579 3408 ego
602 3340 631 3391 et
652 3324 765 3392 m'ecom
788 3332 961 3411 quicumque
982 3333 1076 3411 parati

320 3413 450 3476 lusanire
469 3418 577 3476 manu!
617 3414 728 3476 Rursus
748 3415 852 3494 fragor
872 3416 982 3477 intonat
1003 3418 1106 3494 ingens

320 3498 490 3561 Hortantum
513 3508 543 3560 et
562 3509 645 3562 vasto
667 3499 769 3562 subter
788 3501 869 3562 uolat
889 3504 967 3560 astra
988 3501 1118 3561 tumultu.
1269 3513 1322 3569 676

242 3651 245 3659 ,
321 3583 360 3645 Ut
380 3585 498 3664 rapidus
519 3593 653 3664 torrens,
673 3586 784 3647 animos
806 3585 853 3645 cui
875 3603 963 3646 verna
985 3587 1145 3647 ministrant

321 3666 449 3731 Flamina
471 3679 501 3731 et
522 3672 601 3731 exuti
622 3680 760 3732 concreto
780 3668 892 3748 frigore
912 3669 1018 3748 eolles,

317 3752 413 3827 Duum
430 3773 523 3836 rogus
540 3755 569 3818 in
591 3771 711 3838 campos
723 3754 837 3829 -lrostra
857 3754 1079 3837 prohibentibus
1101 3757 1161 3817 exit
