3134 4434
501 833 547 915 P.
576 833 786 920 PAPINII
817 834 996 921 STATII

332 932 1234 1103 nuunnroos'

566 1188 825 1264 LIBER
879 1190 927 1265 X.
1050 1206 1053 1212 '

255 1419 370 1531 obruit
388 1470 530 1550 Hesperia
552 1470 700 1531 Phoebum
721 1489 780 1531 nox
796 1471 911 1532 bumida
932 1483 1027 1551 porta,

253 1557 388 1636 Imperiis
409 1565 565 1635 properata
586 1555 680 1632 lovis,
702 1574 759 1616 nec
779 1566 875 1617 castra
899 1557 1051 1634 Pelasgum

254 1643 313 1702 Aut
332 1640 433 1717 Tyrias
453 1642 606 1701 miseratus
627 1658 718 1720 opes,
741 1642 795 1702 sed
816 1643 915 1718 triste,
937 1652 980 1702 tot
1001 1652 1084 1703 extra

253 1727 377 1804 Agmina
398 1734 427 1786 et
447 1727 594 1785 inmeritas
614 1725 694 1786 ferro
716 1726 893 1786 decrescere
915 1736 1030 1804 gentes.

252 1811 388 1872 Panditur
408 1811 538 1870 inmenso
559 1810 697 1870 deformis
716 1811 856 1888 sanguine
872 1830 999 1891 campus.
1232 1824 1248 1874 5

253 1897 317 1957 lilio
340 1913 417 1956 arma
438 1904 466 1955 et
488 1911 598 1974 equos,
620 1894 700 1954 ibant
721 1895 824 1973 quibus
847 1905 912 1957 ante
934 1894 1064 1974 superbi,

253 1980 426 2060 Funeraque
449 1979 519 2040 orba
541 1979 623 2055 rogis
643 1979 839 2058 neglectaque
859 1979 986 2040 membra
1008 1979 1182 2058 relinquunt.

255 2065 334 2125 'l'uno
356 2065 497 2125 inbonora
518 2063 625 2123 cohors
646 2063 752 2123 laceris
774 2064 933 2141 insignibus
957 2081 1063 2140 aegras

254 2151 417 2210 Secernunt
438 2150 534 2222 acies,
556 2157 718 2226 portaeque
740 2148 903 2208 ineuntibus
924 2166 1002 2209 arma

253 2234 402 2312 Augustae
426 2233 542 2312 populis
563 2233 622 2292 late
644 2250 754 2311 cepere
771 2249 919 2293 reversos.
1214 2247 1247 2298 10

253 2319 309 2379 Par
331 2320 471 2398 utrimque
492 2317 593 2393 dolor,
615 2311 668 2377 s'ed
689 2318 757 2379 dant
778 2318 882 2379 solatia
902 2317 1009 2378 Thebis

255 2403 383 2477 Quatuor
403 2413 534 2463 errantes
553 2402 682 2463 Danaum
705 2404 767 2462 sine
786 2403 922 2482 praeside
944 2411 1065 2477 turmae,

255 2487 316 2548 Ceu
334 2506 412 2549 mare
437 2507 491 2567 per
510 2487 645 2548 tumidum
665 2487 770 2548 viduae
790 2486 1006 2549 moderantibus
1030 2488 1097 2564 alni,

254 2574 332 2647 Quas
350 2573 422 2633 deus
444 2583 473 2634 et
493 2591 578 2634 casus
601 2581 849 2653 tempestatesque
867 2573 1039 2652 gubernant.

251 2657 323 2717 lnde
339 2659 448 2718 animus
468 2658 562 2734 Tyriis
582 2675 640 2718 non
659 2661 714 2719 iam
734 2676 788 2719 sua
808 2669 921 2734 castra,
943 2657 997 2719 sed
1015 2657 1092 2717 ultro
1214 2669 1247 2720 15

253 2741 395 2801 Hostilem
415 2760 534 2803 servare
553 2741 666 2818 fugam,
688 2761 744 2803 neo
764 2743 840 2803 forte
863 2742 1001 2817 Mycenas

255 2823 390 2885 Contenti
412 2826 535 2886 rediisse
556 2835 670 2904 petant;
694 2827 742 2887 dat
763 2836 878 2888 tessera
895 2828 1008 2904 signum

253 2909 408 2985 Excubiis,
432 2912 605 2989 positaeque
625 2911 722 2978 vicem
745 2909 804 2970 dux
824 2913 918 2972 noctis
934 2919 1056 2990 opertae

254 2996 340 3055 Sorte
362 2994 464 3072 Meges
482 2995 617 3073 ultroque
639 2993 748 3070 Lycus3
771 2995 886 3075 iamque
908 2997 1010 3058 ordine
1029 2995 1108 3056 iusso

254 3078 358 3155 Arma,
379 3080 469 3160 dapes
488 3080 642 3158 ignemque
663 3079 771 3148 ierunt;
795 3099 848 3141 rex
871 3081 963 3142 firmat
985 3088 1103 3140 euntes:
1210 3093 1244 3145 ao

318 3164 472 3226 ‘Victores
491 3163 636 3242 Danaum,
656 3182 771 3225 -neo
790 3167 865 3225 enim
886 3165 935 3225 lux
955 3166 1078 3225 crastina
1101 3165 1201 3246 longe,

252 3248 317 3309 Nec
340 3267 413 3328 quae
436 3267 490 3330 pro
512 3249 617 3310 timidis
638 3251 834 3310 intercessere
855 3249 995 3310 tenebrae

254 3335 377 3413 Semper
399 3345 497 3412 erunt,
518 3366 562 3383 -·-
581 3343 687 3410 augete
707 3333 817 3395 animos
835 3343 865 3395 et
884 3334 971 3412 digna
996 3335 1131 3396 secundis

252 3417 375 3479 Pectora
394 3419 469 3480 ferte
488 3420 565 3488 deis;
588 3418 665 3480 iacet
686 3421 778 3480 omnis
796 3419 889 3497 gioria
908 3418 1020 3480 bornae

252 3502 490 3584 Praecipuaeque
511 3522 626 3581 manus,
649 3503 736 3564 subiit
752 3504 867 3565 ultricia
886 3503 1002 3580 Tydeos
1210 3516 1243 3568 25

253 3586 390 3666 Tartara,
410 3607 488 3650 mors
508 3588 630 3651 subitam
649 3589 724 3667 nigri
743 3597 842 3668 stupet
851 3591 980 3668 auguris
999 3591 1139 3667 umbram,

239 3671 382 3734 ‚Ismenos
404 3674 493 3756 raptis
515 3682 605 3736 tumet
627 3673 868 3756 Hippomedontis
890 3676 1004 3756 opimis,
