3134 4434
333 387 370 433 IV
717 378 926 435 PRAEFATIO.

332 545 472 617 lipsiensi
483 547 600 602 membr.
611 561 688 602 saec.
698 545 790 616 xvi,
812 546 860 616 qni
873 549 1001 602 servatur
1019 546 1048 601 in
1058 544 1227 602 bibliotheca
1240 563 1323 603 sena-

333 633 415 701 toria,
430 636 577 702 utrumque
594 632 749 686 contulerat
765 630 897 686 Lenzius.

416 714 582 786 Nuperrime
595 727 699 771 novam
717 714 824 772 codicis
838 714 994 772 Cassellani
1011 716 1187 770 collationem
1205 717 1322 786 protulit

335 801 365 857 C.
375 801 406 855 F.
416 799 536 866 Weber,
548 801 694 871 professor
705 800 915 872 Marbnrgensis
928 800 1101 855 clarissimus
1112 802 1221 872 (progr.
1237 801 1320 856 acad.

332 885 567 956 Marburg.1853‚
583 901 612 956 p·
627 885 684 953 55),
702 884 749 956 qui
768 901 797 956 p·
814 884 879 944 ode
892 884 946 940 hoc
959 885 1028 941 libro
1044 884 1127 939 affert
1141 884 1227 940 haec:
1248 903 1322 953 „co-

334 968 390 1023 dex
401 968 614 1040 diligentissime
631 975 659 1024 et
674 969 843 1025 nitidissime
859 968 946 1024 literis
963 971 1086 1024 romanis
1099 987 1116 1024 a
1130 970 1322 1041 compluribus

333 1053 454 1109 librariis
469 1053 508 1108 ita
524 1054 643 1125 scriptus
663 1061 722 1123 est,
739 1059 770 1108 ut
787 1054 816 1108 in
834 1053 934 1124 quavis
951 1054 1057 1126 pagina
1075 1055 1156 1109 lineis
1174 1053 1323 1112 distributa

333 1139 432 1194 triceni
450 1153 551 1194 versus
567 1139 710 1210 legantur3
734 1139 831 1195 literae
848 1138 968 1194 initiales
984 1139 1119 1210 cuiusque
1136 1155 1238 1195 versus
1250 1140 1323 1195 invi-

335 1240 396 1278 cem
408 1229 472 1277 sunt
483 1223 529 1278 vel
539 1223 640 1278 rubrae
651 1223 699 1279 vel
711 1227 802 1291 atrae,
816 1223 923 1294 primae
940 1224 1076 1294 cuiusque
1094 1223 1156 1279 libri
1174 1225 1222 1278 vel
1237 1241 1323 1296 argu-

334 1307 535 1364 menti'literae
552 1307 667 1379 picturis
683 1308 730 1364 vel
750 1307 921 1363 ornamentis
938 1306 1094 1364 distinctae.
1138 1306 1237 1364 Omnia
1257 1316 1323 1365 sunt

334 1407 513 1464 magnacum
524 1397 732 1460 ouraexarato,
753 1392 791 1448 ita
802 1397 833 1448 ut
844 1391 996 1449 correctrix
1011 1409 1111 1448 manus
1124 1392 1200 1460 eius,
1216 1394 1263 1464 qui
1274 1409 1323 1448 co-

335 1477 427 1531 dicem
438 1476 643 1548 transscripsit,
665 1492 730 1532 raro
745 1481 897 1549 appareat,
915 1477 1030 1549 saepius
1042 1477 1155 1533 alterius
1169 1483 1197 1531 et
1206 1475 1252 1532 hic
1265 1478 1322 1533 illic

336 1561 423 1630 tertii,
445 1563 492 1632 qui
507 1577 619 1618 errores
636 1576 705 1618 saue
721 1561 889 1618 commissos
910 1561 1141 1617 emendaverunt.
1172 1561 1256 1618 Totus
1276 1580 1323 1618 co-

334 1645 390 1699 dex
403 1646 485 1718 signa
497 1652 524 1701 et
538 1650 619 1702 notas
629 1646 715 1703 habet
729 1645 843 1715 aetatis,
859 1661 942 1717 quam
955 1647 1121 1719 subscriptio
1135 1648 1323 1719 praesefert,

335 1730 441 1785 saeculi
452 1729 624 1786 undecimi.‘-‘
657 1731 735 1788 Conl.
753 1731 836 1787 etiam
848 1745 920 1802 quae
932 1729 1014 1786 docte
1031 1747 1064 1786 ac
1076 1732 1224 1803 diligenter
1235 1749 1323 1804 expo-

334 1813 390 1870 suit
400 1815 483 1870 Web.
497 1831 564 1888 pag.
579 1819 700 1875 18—20.
730 1813 874 1871 Consentit
887 1814 967 1872 Cass.
982 1816 1148 1888 plerumque
1166 1833 1230 1873 cum
1243 1817 1321 1889 Lips.

419 1899 545 1970 Denique
556 1905 687 1956 accurate
702 1900 804 1973 collegi
822 1904 849 1956 et
864 1899 1017 1958 diiudicari
1031 1902 1166 1957 lectiones
1178 1903 1323 1971 librorum,

336 1983 436 2055 quibus
450 1985 627 2052 Bernartius,
641 1985 881 2058 lindenbrogius,
904 1984 1035 2041 Beothius
1050 1985 1160 2055 (Barth.
1181 1985 1323 2057 significat

336 2068 470 2139 optimum
483 2069 561 2125 illurn
572 2068 707 2140 codicem,
720 2087 804 2141 quern
816 2069 947 2126 Barthius
964 2069 1129 2142 saepissime
1147 2070 1265 2140 laudat)
1276 2073 1322 2127 usi

336 2159 414 2222 sunt,
431 2159 459 2209 et
475 2153 703 2223 emendationes,
725 2171 796 2226 quas
812 2154 962 2225 Heinsius,
978 2156 1129 2224 Gruterus,
1152 2155 1322 2224 Gronovius,

335 2237 522 2295 Marklandus
539 2238 642 2312 aliique
660 2241 843 2310 protulerunt.

419 2323 451 2376 In
472 2324 612 2380 scribendi
639 2324 747 2379 ratione
770 2324 949 2380 consentiunt
970 2323 1135 2394 plerumque
1156 2326 1216 2378 Pul.
1241 2323 1322 2386 Cass.

335 2406 411 2477 Lips.
430 2407 515 2463 Uncis
534 2409 545 2476 [
587 2407 727 2478 ]inclusi,
745 2423 818 2480 quae
833 2412 967 2480 suspecta
983 2406 1163 2478 viderentur,
1184 2410 1266 2481 signo
1278 2440 1322 2450 -

335 2519 378 2529 -—
389 2496 483 2548 notata
494 2498 537 2547 est
548 2492 734 2564 parenthesis.

1078 2575 1119 2622 G.
1137 2573 1258 2627 aneon.

770 2885 844 2939 LIB·
871 2887 896 2938 1.

422 3007 463 3064 et.
480 3007 539 3063 lani
561 3004 672 3064 Gruteri
689 3004 866 3078 suspiciones
886 3004 916 3060 in
931 3003 1013 3062 Statii
1031 3001 1119 3060 Theb.
1140 3002 1203 3060 libr.
1220 3005 1242 3061 l.
1261 3022 1325 3062 cum

336 3091 629 3149 animadversionibus
642 3091 674 3147 F.
689 3089 807 3160 Handii,
824 3090 909 3146 lenae
924 3092 1002 3148 1851.

423 3176 459 3231 V.
472 3181 517 3234 12.
542 3191 629 3232 arctes
648 3174 782 3231 revocavi
799 3191 836 3230 ex
848 3175 911 3232 Put.
929 3173 1007 3231 Colb.
1025 3173 1089 3241 Get,
1108 3173 1188 3230 Cass.
1206 3190 1249 3246 pr.
1270 3190 1325 3241 m.;

337 3260 416 3315 Vrat.
434 3276 547 3316 orcum:
573 3265 618 3318 31.
634 3260 695 3314 Pul.
708 3257 785 3315 Golb.
797 3258 904 3330 Picrt'o,
919 3259 972 3315 sed
986 3258 1015 3314 in
1025 3259 1086 3313 Put.
1105 3259 1326 3330 superscriptum

337 3352 383 3400 est
396 3345 452 3400 alia
467 3360 554 3401 manu
573 3345 725 3416 margero,
747 3344 824 3416 quod
842 3344 930 3400 ceteri
948 3345 1007 3398 lere
1023 3359 1122 3398 omnes
1135 3342 1248 3399 habent.
1280 3348 1323 3403 71.

337 3429 493 3486 cedentibus
512 3446 575 3485 curn
592 3427 707 3484 Barthio
725 3427 842 3501 scripsi,
859 3428 879 3483 i.
895 3443 921 3482 e.
940 3428 1128 3484 recedentibus
1133 3449 1143 3491 ,·
1165 3429 1201 3484 ci.
1222 3427 1325 3485 Senec.

338 3513 408 3570 Oed.
422 3517 490 3582 9623
506 3514 578 3569 inira
592 3517 644 3572 417
655 3513 727 3570 oculi
737 3513 872 3570 cedcttter.
904 3514 947 3572 tt.
967 3527 986 3568 a
1000 3512 1078 3569 libris
1091 3511 1195 3568 nostris
1206 3511 1252 3568 hic
1262 3528 1325 3568 ver-

336 3617 402 3671 sus,
420 3615 504 3671 quem
514 3598 645 3655 Barthius
664 3598 766 3654 eiicere
778 3599 854 3668 vult,
868 3613 925 3653 non
939 3599 1028 3654 abest.
1057 3600 1119 3654 Put.
1137 3597 1215 3652 Vrat.
1230 3599 1261 3654 in
1275 3597 1323 3670 su-

330 3698 409 3752 nere,
429 3686 464 3740 cl.
484 3684 560 3741 Grut.
573 3700 653 3759 susp.
682 3687 727 3743 83.
741 3686 801 3741 Pul.
817 3677 876 3760 Ρβ,
890 3681 1112 3759 Got,ycrripai,·
1124 3679 1202 3738 Colb.
1214 3683 1325 3754 Freisg.
