3134 4434
555 487 561 498 .
582 451 759 501 smvasun
779 450 816 502 n:
835 432 883 502 iu.

250 609 409 672 inmortale
434 626 558 676 merum;
579 608 695 669 steriles
718 611 926 670 transmisimus
946 627 1050 680 anuos;

249 696 332 757 Haec
351 695 419 755 aevi
437 694 506 753 mibi
529 694 620 772 prima
642 694 722 771 dies,
745 694 822 755 baec
842 696 938 755 limina
959 697 1047 756 vitae.

251 781 334 841 leue
360 797 438 857 ego,
461 774 602 857 regnator
621 788 763 839 terrarum
788 779 927 859 orbisque
948 780 1060 840 subacti

250 865 358 943 liagne
379 881 504 944 parens,
527 873 667 942 te‚·spes
688 865 849 942 bominum,
869 864 916 942 t'e,
940 883 1010 925 cura
1029 864 1159 943 deorum,
1225 876 1256 929 15

252 949 351 1010 Cerno
370 945 494 1009 iacens?
536 947 627 1008 Datur
646 949 721 1009 baec
741 951 836 1026 iuxta,
859 949 942 1010 datur
967 966 1019 1010 ora
1039 952 1115 1010 tueri

251 1036 326 1095 Vina
344 1036 423 1093 inter
440 1051 629 1112 mensasque,
653 1043 683 1093 et
704 1051 762 1094 nou
781 1052 940 1112 assurgere
960 1035 1005 1094 ias
1026 1033 1092 1094 est?

253 1119 376 1181 'lectum
398 1128 565 1196 augustum,
587 1120 708 1196 ingens,
730 1136 789 1178 non
812 1129 927 1179 centum
946 1119 1060 1195 insigne
1084 1119 1235 1195 columnis,

253 1205 311 1265 Sed
332 1213 456 1283 quantae
475 1220 600 1282 superos
619 1204 792 1281 coelumque
816 1203 934 1264 Atlante
952 1206 1076 1265 remisso

254 1292 427 1350 Sustentare
450 1297 565 1367 queant.
602 1289 708 1366 Stupet
727 1289 785 1348 boc
806 1291 900 1348 vicina
919 1288 1057 1349 Tonantis
1222 1302 1258 1354 ao

254 1375 366 1452 Regia,
389 1383 479 1452 teque
500 1373 562 1452 pari
585 1373 730 1433 laetantur
749 1374 822 1433 sede
842 1374 968 1434 locatum

253 1459 393 1535 Numina,
415 1477 452 1518 ne
476 1476 607 1534 magnum
629 1476 774 1536 properes
796 1459 957 1518 escendere
981 1459 1110 1519 coelum:

255 1545 346 1605 lanta
368 1552 449 1622 patet
468 1543 561 1602 moles
584 1543 758 1622 effusaeque
780 1544 896 1621 inpetus
918 1543 1003 1603 auiae

255 1629 390 1690 Liberior
409 1629 502 1705 campi
523 1627 701 1707 multumque
722 1627 874 1706 amplexus
897 1630 991 1706 aperti

255 1713 422 1789 demeres,
447 1721 476 1772 et
495 1721 601 1772 tantum
624 1711 739 1772 domino
762 1714 868 1781 minor:
892 1713 943 1772 ille
965 1721 1088 1791 penates
1225 1724 1259 1776 25

255 1799 351 1878 inplet
372 1806 402 1857 et
423 1799 532 1874 ingenti
550 1799 636 1874 genio
657 1799 744 1858 iuvat.
785 1797 924 1858 Aemulus
942 1799 1004 1858 illio

256 1883 339 1945 Mons
360 1882 449 1958 Libys
469 1882 634 1960 iliacusque
657 1885 764 1958 nitent,
788 1893 819 1943 et
840 1884 929 1943 multa
952 1885 1051 1959 Syene

256 1969 291 2029 llt
313 1966 406 2027 Chios
425 1977 454 2027 et
477 1967 583 2044 glauca
605 1970 744 2027 certantia
766 1967 876 2028 Doride
900 1986 970 2027 saxa

256 2054 394 2132 Lunaque
415 2052 564 2130 portandis
583 2062 690 2112 tantum
712 2053 835 2113 suffecta
856 2053 1005 2112 columnis.

257 2139 357 2215 bouga
381 2156 471 2215 super
490 2138 625 2215 species,
648 2137 737 2197 fessis
758 2139 809 2196 vix
829 2138 952 2198 culmina
974 2137 1101 2215 prendas
1226 2145 1261 2198 30

257 2222 375 2283 Visibus
397 2223 547 2298 auratique
568 2231 652 2300 putes
672 2223 821 2299 laquearia
839 2221 928 2281 coeli.

318 2307 377 2366 llio
396 2324 482 2385 quum
505 2306 665 2366 Romuleos
689 2323 831 2386 proceres
853 2306 1044 2383 trabeataque
1068 2303 1177 2366 Caesar

258 2394 382 2471 Agmina
401 2391 481 2451 mille
504 2391 586 2451 simul
606 2393 689 2451 iussit
710 2391 894 2452 discumbere
916 2392 1035 2465 mensis,

258 2478 325 2558 ipsa
347 2478 427 2535 sinus
452 2477 582 2536 accincta
603 2475 696 2536 Ceres
718 2477 910 2555 Bacchusque
933 2475 1064 2537 laborant

258 2562 415 2622 Suiiicere.
439 2560 582 2620 Aetherei
604 2561 677 2621 ielix
697 2563 741 2621 sic
762 2562 856 2622 orbita
877 2561 959 2621 duxit
1227 2571 1260 2624 35

259 2646 448 2726 Triptolemi;
473 2647 515 2705 sic
537 2646 653 2706 vitifero
679 2646 731 2706 sub
753 2647 871 2727 palmite
895 2645 988 2706 nudos

258 2731 411 2793 Umbravit
433 2731 527 2790 colles
547 2739 575 2790 et
594 2731 692 2792 sobria
715 2750 782 2792 rura
803 2730 927 2807 Lyaeus,
960 2790 963 2795 .

258 2817 317 2877 Sed
339 2815 408 2874 mibi
431 2833 488 2874 uon
510 2815 612 2893 epulas
633 2814 747 2875 lndisve
770 2817 867 2877 innixa
890 2815 1030 2876 columnis

257 2901 380 2962 Robora
400 2899 565 2960 Maurorum
586 2901 746 2961 famulasve
770 2921 809 2960 ex
832 2901 933 2960 ordine
956 2909 1074 2973 turmas,
1182 2920 1184 2926 ¹

257 2986 373 3064 Ipsum,
396 2987 490 3063 ipsum
513 2985 619 3062 cupido
640 2996 747 3046 tantum
768 2995 906 3064 spectare
925 2984 1039 3044 vacavit
1228 2992 1263 3046 40

259 3069 459 3148 Tranquillum
481 3069 579 3129 vultus
601 3079 631 3130 et
650 3072 802 3131 maiestate
820 3087 928 3129 serena

258 3154 437 3215 bluloeutem
456 3155 553 3214 radios
573 3155 848 3233 submittentemque
869 3153 1004 3213 modeste

258 3240 407 3300 Fortunae
430 3239 539 3298 vexilla
560 3257 646 3306 suae:
667 3250 763 3299 tamen
786 3257 838 3299 ore
857 3238 966 3298 nitebat

259 3324 464 3384 DissImulatus
484 3323 587 3383 bonos.
626 3324 727 3384 l’alem
747 3342 865 3404 quoque
888 3322 1029 3384 barbarus
1047 3322 1140 3383 bostis

259 3409 365 3469 Posset
387 3418 417 3468 et
439 3410 556 3486 ignotae
580 3417 770 3488 conspectum
791 3426 955 3486 agnoscere
977 3416 1093 3485 gentes.
1228 3415 1262 3468 45

259 3494 325 3555 Non
347 3494 433 3554 aliter
451 3493 550 3573 gelida
571 3492 732 3573 Rhodopes
751 3496 780 3553 in
802 3494 880 3554 valle
902 3492 1044 3552 recumbit
1140 3525 1142 3530 ·

260 3579 394 3638 Dimissis
418 3578 560 3639 Gradivus
584 3581 681 3657 equis;
705 3579 749 3638 sio
770 3579 882 3639 lubrica
904 3579 986 3657 ponit

259 3662 390 3724 Membra
408 3663 601 3741 Therapnaea
619 3664 768 3724 resolutus
788 3663 931 3742 gymnade
950 3661 1065 3735 Pollux,

262 3749 312 3808 Sic
337 3751 415 3810 iacet
437 3748 473 3809 ad
495 3748 616 3826 Gangen
633 3747 712 3809 indis
730 3748 907 3812 ululantibus
926 3746 1019 3822 livam,
