3134 4434
312 455 373 519 224
649 470 681 518 P.
704 471 839 521 naemu
860 471 979 521 suurn

310 627 436 687 Desiluit
456 624 559 702 gavisa
579 625 690 705 plagis3
714 626 783 688 dant
804 626 883 688 clara
904 630 1020 689 meanti

311 711 401 771 Astra
421 711 534 787 locum,
558 728 690 789 quosque
709 713 774 790 ipsa
795 711 872 791 polis
894 711 1037 775 affixerat
1062 717 1172 793 ignes.

312 795 431 874 lamque
451 796 556 875 premit
576 805 687 873 terras,
706 814 763 857 nee
782 797 879 857 vultus
902 796 938 857 ab
959 799 1099 861 aethere
1122 801 1233 883 longe;

314 882 375 942 Sed
396 879 505 959 placuit
526 889 637 942 mutare
656 898 766 958 genas,
789 880 822 941 fit
841 882 964 960 provida
985 881 1112 963 Manto,

313 965 477 1044 Responsis
499 974 529 1025 ut
542 964 637 1045 ¹plena
658 964 748 1042 lides,
772 975 802 1026 et
822 966 925 1036 fraude
945 969 1072 1046 priores
1278 982 1313 1038 ott

313 1049 436 1111 Eruitur
456 1049 567 1118 vultum
589 1050 659 1110 abiit
677 1050 842 1129 horrorque
862 1053 1029 1131 vigorque·

313 1134 360 1196 Ex
383 1133 492 1215 oeulis,
511 1133 628 1214 paulum
644 1134 762 1195 decoris
784 1137 943 1215 permansit
962 1136 1136 1220 honosque

313 1219 449 1297 Mollior,
470 1229 500 1279 et
519 1220 616 1298 posito
637 1229 733 1280 vatum
750 1220 911 1298 gestamina
928 1219 1012 1282 ferro

314 1305 450 1372 Subdita;
472 1303 653 1365 descendunt
674 1313 792 1381 vestes,
811 1307 962 1383 torvisque
982 1305 1103 1384 ligatur

313 1389 392 1450 vitta
414 1389 520 1466 comis,
542 1407 607 1449 nam
628 1389 726 1450 laurus
749 1397 831 1467 erat,
850 1399 946 1450 tamen
966 1408 1083 1472 aspera
1109 1395 1245 1474 produnt
1278 1404 1312 1461 ott

315 1473 373 1535 Ora
389 1473 486 1550 deam,
506 1474 641 1552 nimiique
662 1474 780 1552 gradus.
825 1475 875 1536 Sic
895 1473 985 1550 Lydia
1010 1478 1133 1540 coniux

313 1557 591 1637 Amphitryoniaden
611 1568 728 1620 exutum
750 1558 900 1620 horrentia
918 1569 1004 1636 terga

313 1643 442 1704 Perdere
464 1645 600 1704 Sidonios
621 1643 747 1704 humeris
770 1643 886 1705 ridebat
907 1645 1043 1722 amictus,

314 1727 352 1789 Et
373 1727 491 1788 turbare
512 1729 595 1788 colus
616 1737 646 1789 et
666 1739 801 1807 tympana
822 1746 960 1807 rumpere
982 1728 1107 1792 dextra.

376 1813 436 1873 Sed
454 1831 550 1891 neque
571 1821 601 1872 te
620 1813 789 1874 indecorem
806 1815 899 1874 saeris
922 1813 1109 1896 dignumque
1131 1817 1235 1881 iuberi
1278 1828 1312 1884 itt

315 1897 396 1958 Talia
418 1896 544 1959 Dircaea
566 1907 688 1958 stantem
710 1914 764 1977 pro
787 1907 884 1974 turre,
903 1896 1084 1978 Menoeceu,

314 1983 440 2050 Invenit3
463 1985 611 2042 inmensae
631 1992 764 2043 reserato
786 1983 883 2043 limine
905 1992 1007 2062 portae

315 2067 474 2130 Sternebas
494 2066 627 2144 Danaos,
647 2069 758 2147 pariter
777 2065 938 2128 Mavortius
962 2067 1114 2130 Haemon.

314 2153 374 2213 Sed
396 2153 604 2230 consanguinei
620 2153 750 2231 quamvis
771 2161 859 2231 atque
881 2153 975 2213 omrria
994 2152 1125 2234 fratres,

315 2237 359 2298 'lu
380 2237 476 2315 prior,
497 2238 646 2297 exanimes
668 2237 956 2298 circumcumularrtur
978 2242 1093 2301 acervi.
1278 2252 1313 2308 (nt

316 2321 407 2381 Omne
429 2322 514 2383 sedet
536 2321 641 2398 telum,
663 2321 734 2382 nulli
752 2322 816 2381 sine
839 2321 976 2383 caedibus
996 2323 1086 2383 ictus.

313 2407 445 2468 Necdum
466 2407 566 2466 aderat
586 2409 691 2475 virtus;
711 2421 769 2466 non
790 2425 889 2483 mens,
913 2425 971 2466 non
991 2405 1104 2471 dextra
1131 2417 1274 2492 quiescit,

313 2490 381 2552 Nou
403 2490 487 2551 avida
506 2508 584 2551 arma
604 2499 723 2567 vacant,
743 2492 807 2569 ipsa
825 2492 952 2552 insanire
971 2491 1091 2553 videtur

315 2575 426 2654 Sphinx
447 2575 552 2651 galeae
572 2584 688 2652 eustos,
701 2577 833 2654 -visoque
854 2578 976 2637 animata
999 2594 1113 2640 eruore

315 2659 428 2721 Emicat
449 2659 582 2736 efligies,
606 2668 635 2719 et
657 2677 758 2740 sparsa
780 2660 927 2722 orichalca
949 2661 1099 2739 renident,
1277 2677 1312 2734 so

315 2745 410 2820 Quum
432 2745 487 2806 dea
508 2745 662 2823 pugnantis
683 2745 817 2825 capulum
836 2745 1026 2823 dextramque
1048 2756 1227 2827 repressit:

288 2853 292 2858 ·
379 2829 577 2908 ‘Magnanimo
600 2831 769 2906 oloveris,
796 2847 852 2910 quo
872 2848 930 2891 nou
951 2835 1109 2907 agnoverit
1137 2838 1236 2901 ullum

316 2912 432 2977 certius
455 2915 591 2976 armifero
612 2913 712 2976 Cadmi
731 2915 898 2976 desemine
919 2914 1049 2992 Mavors,

315 3000 424 3079 Linque
445 2999 568 3061 humiles
589 3018 717 3079 pugnas,
740 3017 798 3060 non
820 3000 895 3062 haec
915 3000 967 3060 tihi
989 2998 1092 3065 dehita
1117 3009 1238 3072 virtus:

316 3085 404 3145 Astra
424 3093 547 3161 vocant,
568 3085 714 3163 coeloque
737 3087 870 3162 animam,
889 3085 956 3165 plus
976 3087 1119 3166 concipe,
1144 3097 1260 3159 mittes.
1278 3103 1312 3159 ee

315 3168 480 3231 Iamdudum
498 3169 556 3230 hoc
573 3156 682 3230 hhares
699 3171 816 3247 genitor
833 3169 992 3231 baechatur
1012 3169 1050 3230 ad
1073 3190 1164 3255 aras,

314 3253 380 3315 lloe
400 3255 485 3331 ignes
505 3254 655 3334 libraeque
676 3255 793 3331 volunt,
816 3255 874 3315 hoc
895 3264 982 3332 urget
1002 3253 1136 3333 Apollo.

315 3338 503 3416 Terrigenam
523 3349 627 3400 cuncto
649 3341 761 3419 patriae
779 3357 834 3420 pro
855 3342 994 3416 sanguine
1017 3356 1167 3416 poscunt.

315 3423 403 3484 Fama
425 3423 501 3483 canit
521 3425 659 3492 monitus;
678 3425 786 3502 gaudet
805 3422 943 3485 Cadmeia
964 3423 1072 3503 plebes

315 3505 403 3569 Certa
425 3505 479 3580 tui3
498 3526 571 3587 rape
591 3518 688 3569 mente
708 3509 798 3586 deos,
821 3527 893 3589 rape
914 3508 1015 3570 nobile
1038 3508 1151 3576 fatum.
1280 3527 1316 3586 stt

313 3591 343 3669 l,
368 3609 491 3671 precor,
513 3592 666 3669 accelera,
688 3613 725 3655 ne
746 3595 896 3674 proximus
918 3604 1045 3672 occupet
1066 3595 1242 3671 Haemon’

377 3677 427 3736 Sic
448 3679 502 3754 ait,
522 3687 552 3738 et
572 3696 675 3755 magna
695 3680 855 3740 cunctantis
877 3689 1000 3758 pectora
1023 3679 1137 3748 dextra

311 3760 463 3822 Permulsit
483 3764 570 3825 tacite
592 3781 719 3842 seseque
739 3767 775 3829 itt¹
790 3763 882 3827 corde
900 3764 1040 3843 reliquit..
