3134 4434
290 423 350 487 160
482 435 515 483 1³.
536 433 1019 485 rnnmnsrsnnrmsn.n1n.
1045 436 1114 487 vn.

287 592 452 671 Deceptum
473 589 543 668 tibi,
565 588 701 668 Phoebe,
726 590 818 651 larem
843 606 1016 670 poenasque
1039 593 1201 657 celandae

289 677 428 754 Coniugis
449 682 479 735 et
501 675 653 755 pulchrum
674 677 732 737 neti
754 676 927 737 commendo
949 675 1112 739 furorem'

349 759 475 822 Desiluit
493 777 648 837 moerens,
672 759 864 840 lacrimasque
885 761 992 821 evertit
1010 761 1147 842 Apollo.

287 846 369 908 Tunc
387 862 459 905 uero
480 845 619 923 ingemuit
639 862 799 924 currusque
819 844 943 925 orbique
960 845 1089 924 iugales.
1251 857 1296 914 too

287 930 354 991 Non
376 931 460 991 aliter
482 947 573 990 caeco
595 931 727 990 nocturni
749 929 863 990 turbine
886 928 956 990 Cori

288 1019 350 1077 Scit
371 1017 500 1095 peritura
520 1015 608 1089 ratis,
630 1033 716 1093 quum
737 1016 793 1075 iam
812 1015 940 1075 damnata
961 1017 1076 1076 sororis

288 1102 360 1180 Igne
382 1099 565 1177 Therapnaei
586 1097 724 1176 fugerunt
743 1097 866 1160 carbasa
884 1099 1001 1159 iratres.
1100 1137 1103 1141 >

288 1185 406 1265 lamque
427 1202 601 1246 recessurae
623 1183 760 1262 paulatim
781 1183 957 1245 horrescere
980 1192 1082 1245 terrae

288 1272 462 1349 Summaque
483 1277 567 1346 terga
587 1269 681 1348 quati,
704 1269 882 1347 grauiorque
904 1268 1053 1329 effervere
1075 1271 1183 1349 pulvis
1254 1281 1298 1337 795

289 1355 452 1435 Coeperam
470 1353 583 1414 inferno
604 1353 695 1430 mugit
712 1355 767 1415 iam
786 1372 928 1414 murmure
951 1370 1083 1431 campus.

287 1440 370 1501 bella
392 1448 491 1519 putant
512 1439 619 1518 trepidi
640 1437 771 1517 bellique
792 1438 868 1498 hunc
890 1455 959 1498 esse
980 1437 1151 1518 fragorem,

286 1525 502 1604 llortanturque
525 1522 645 1601 gradum
671 1523 744 1584 alius
766 1532 875 1583 tremor
894 1540 973 1582 arma
993 1523 1160 1603 virosque·
1254 1591 1257 1598 ,

287 1609 485 1689 Mirantesque
505 1607 623 1668 inclinat
645 1626 752 1686 equos;
776 1609 832 1668 iam
852 1607 976 1668 frondea
992 1614 1097 1669 nutant

289 1693 435 1771 culmina,
457 1694 513 1753 iarn
534 1693 623 1768 muri,
646 1694 776 1770 ripisque
796 1690 928 1753 Ismenos
950 1693 1062 1772 apertis
1253 1707 1300 1761 8⁰⁰

287 1778 411 1856 Effugit;
435 1778 607 1838 exciderunt
628 1777 708 1853 irae,
728 1779 855 1838 nutantia
877 1777 966 1855 figunt

289 1862 362 1924 l'ela
384 1862 464 1938 solo,
485 1861 646 1940 dubiasque
667 1863 735 1938 uagi
756 1863 883 1922 nituntur
904 1864 933 1922 in
949 1861 1048 1922 hastas

289 1947 426 2010 Cominus
450 1949 536 2025 inque
559 1948 652 2006 vicem
673 1948 737 2006 viso
759 1945 875 2026 pallore
895 1946 1046 2007 recedunt.

355 2034 405 2094 Sic
427 2031 475 2092 nbi
495 2030 614 2092 navales
636 2032 740 2092 miscet
762 2049 852 2109 super
872 2047 1000 2110 aequora
1019 2048 1138 2110 pugnus

290 2115 463 2198 Contempto
484 2116 606 2176 Bellona
624 2117 710 2193 muri,
732 2119 757 2176 si
774 2116 852 2176 lort'e
875 2117 1001 2193 benigna
1250 2129 1302 2185 8⁰6

289 2202 476 2283 Tempestes3
500 2202 556 2262 sibi
578 2203 701 2281 quisque
719 2210 839 2278 cavent,
862 2217 1009 2279 ensesque
1031 2199 1175 2262 recondit

289 2287 369 2348 llors
387 2287 460 2364 alia,
483 2295 512 2346 et
534 2289 607 2347 socii
628 2305 731 2365 pacem
752 2286 854 2347 iecere
874 2287 1004 2346 timores.

290 2372 369 2433 'lulis
391 2381 453 2432 erat
475 2388 577 2451 campo
599 2370 670 2431 belli
690 2372 826 2432 lluitantis
848 2373 956 2449 imago.

353 2458 422 2517 Sive
443 2455 611 2518 laborantes
632 2465 777 2534 concepto
800 2454 915 2516 flamine
937 2464 1037 2516 terrae

289 2541 450 2602 Ventorum
469 2539 579 2600 rabiem
599 2549 629 2600 et
651 2540 779 2600 clausum
801 2541 920 2601 eiecere
942 2539 1081 2615 furorem,
1253 2553 1306 2610 810

290 2625 398 2687 Exedit
419 2643 472 2684 seu
493 2633 579 2704 putre
601 2624 695 2685 solum
714 2625 883 2705 carpsitque
904 2622 1029 2685 terendo

290 2711 374 2772 Unda
394 2709 505 2787 latens,
528 2709 591 2769 sive
613 2709 669 2770 hac
690 2709 838 2771 volventis
856 2709 988 2771 machina
1007 2709 1084 2770 coeli

290 2795 437 2872 Incubuit,
461 2796 524 2855 sive
546 2811 631 2855 omne
649 2793 754 2855 fretum
770 2793 916 2873 Neptunia
935 2796 1025 2855 mouit

293 2880 400 2961 Cuspis
422 2890 453 2941 et
470 2889 616 2941 extremas
636 2881 755 2957 grevim
775 2898 856 2941 mare
878 2881 963 2940 torsit
982 2881 1010 2939 in
1031 2897 1111 2955 oras,

292 2967 352 3028 Seu
372 2966 430 3026 vati
452 2965 535 3026 datus
555 2965 606 3026 ille
628 2965 748 3042 fragor,
767 2982 822 3026 seu
843 2974 922 3025 terra
943 2965 1048 3026 minata
1066 2973 1114 3024 est
1163 2978 1168 2985 ’
1252 2976 1308 3033 815

291 3050 459 3119 Fratribns;
484 3068 557 3112 ecce
577 3049 636 3111 alte
657 3067 805 3129 praeceps
825 3048 927 3109 burnus
946 3065 998 3110 ore
1020 3048 1183 3129 profundo

290 3133 422 3211 Dissilit,
444 3135 532 3214 inque
553 3135 649 3196 vicem
671 3142 849 3195 tremuerunt
871 3133 969 3194 sidera
990 3143 1020 3194 et
1042 3133 1176 3196 umbrae.

291 3219 376 3281 Illum
397 3219 500 3297 ingens
521 3218 616 3280 haurit
637 3237 762 3299 specus,
786 3228 816 3280 et
836 3220 959 3279 transire
980 3227 1118 3298 parantes

291 3303 398 3382 Mergit
421 3321 530 3384 equos,
553 3321 612 3364 non
633 3322 712 3365 arma
733 3322 835 3381 manu,
857 3321 916 3364 non
936 3302 1021 3364 bena
1043 3304 1167 3382 remIsit,

292 3390 375 3451 Sicut
395 3398 474 3466 erat,
497 3397 598 3449 rectos
618 3388 716 3450 defert
736 3389 766 3449 in
787 3397 897 3450 tartara
916 3406 1017 3449 currus
1255 3403 1311 3460 θῇς)

291 3473 494 3553 Respexitque
516 3473 624 3535 cadens
641 3473 758 3534 eoelum
780 3491 970 3554 campumque
987 3474 1069 3534 coire

290 3557 451 3637 Ingemuit,
473 3557 569 3618 donec
589 3557 684 3620 leuior
704 3559 840 3620 distantia
860 3576 961 3619 rursus

290 3642 406 3706 lliscuit
425 3661 495 3705 arua
518 3653 629 3705 tremor
646 3643 801 3722 lucemque
823 3642 950 3704 exclusit
965 3642 1095 3704 Auerno.

685 3788 901 3805 Μ
