3134 4434
561 491 761 541 runsnmos
783 494 854 540 nra.
874 492 936 540 vn.
1196 481 1255 542 149

255 645 448 708 Transabiere
470 646 569 708 duces.
615 646 748 709 Clonium
769 658 857 728 atque
878 651 907 708 iu
929 657 1013 726 terga
1037 659 1185 712 comantes

254 732 320 793 Non
344 752 403 811 ego
423 732 617 810 Abantiadas,
638 751 695 794 non
717 743 764 811 te,
787 751 894 796 saxosa
914 732 1053 811 Caryste,
1200 742 1253 800 370

255 818 320 878 Non
341 818 463 878 humiles
483 817 583 894 Aegas
602 818 747 899 altumque
770 816 923 899 capharea
943 818 1013 879 dixi.

255 903 293 963 Et
314 905 369 963 iam
389 905 468 963 acies
487 901 590 964 obtusa
611 913 714 980 negat,
737 905 892 983 cunctique
914 904 1074 980 resistunt,

255 986 293 1048 Et
315 998 379 1048 tuus
400 989 516 1047 armatis
539 987 618 1048 iubet
640 1006 713 1048 ecoe
733 988 849 1049 silentia
870 988 986 1048 irater.2

318 1072 430 1132 Vinea
452 1082 530 1131 turre
553 1091 660 1149 senex,
685 1092 771 1152 quum
796 1074 900 1134 ductor
920 1073 956 1132 ab
975 1090 1085 1149 aggere
1106 1075 1217 1151 coepit:

256 1157 448 1235 ‘Magnanimi
467 1175 571 1234 reges,
595 1157 698 1236 quibus
717 1157 793 1218 baud
811 1175 916 1236 parere
938 1176 1075 1218 recusem
1201 1165 1253 1221 375

256 1243 368 1302 Ductor
390 1251 419 1300 et
441 1243 504 1321 ipse
527 1260 606 1302 meas
627 1243 710 1302 miles
731 1243 892 1303 defendere
911 1241 1047 1318 Thebas,

256 1328 323 1387 Non
347 1344 403 1404 ego
426 1343 481 1385 vos
500 1327 647 1387 stimulare
665 1345 780 1405 paretn,
801 1358 843 1403 e
862 1345 928 1387 narn
947 1326 1023 1386 liber
1043 1329 1071 1387 in
1093 1345 1170 1388 arma

256 1413 392 1490 inpetus,
416 1420 445 1470 et
462 1413 579 1470 meritas
598 1412 673 1471 ultro
696 1411 811 1471 iurastis
830 1412 859 1469 in
880 1414 954 1488 iras,
978 1444 1020 1458 -

258 1496 323 1556 Nec
345 1496 463 1555 laudare
487 1497 557 1555 satis
578 1496 739 1575 dignusque
762 1497 927 1575 rependere
948 1505 1049 1573 grates

258 1581 415 1640 Sufficiam.
459 1579 599 1640 Referent
619 1582 717 1659 superi
737 1590 913 1659 vestraeque
933 1580 1055 1640 subacto
1203 1590 1256 1644 aab

256 1664 350 1725 lloste
369 1683 482 1732 manus;
505 1664 606 1724 urben]
628 1667 709 1725 socia
733 1665 878 1743 degente
902 1665 1020 1725 subistis

257 1750 371 1825 Tutari,
394 1767 479 1828 quam
496 1767 555 1808 non
575 1750 639 1810 aliis
661 1750 818 1828 populator
840 1751 876 1811 ab
901 1752 960 1810 oris

256 1835 387 1911 Belliger
409 1843 566 1894 externave
589 1844 667 1895 satus
688 1835 812 1911 tellure,
837 1835 890 1896 sed
912 1835 1004 1895 hostis

255 1917 395 1996 indigena
417 1920 554 1995 assultat,
579 1921 625 1979 cui
648 1928 742 1980 eastra
767 1921 891 1980 adversa
912 1922 1027 1998 regenti

255 2002 309 2063 llio
332 2012 434 2082 pater,
457 2003 504 2063 bie
526 2006 676 2081 genetrix,
695 2005 744 2065 bic
761 2007 877 2066 iunctae
898 2006 989 2083 stirpe
1007 2022 1146 2083 sorores,
1200 2016 1253 2070 385

255 2087 310 2148 llic
333 2096 395 2148 erat
418 2096 447 2147 et
466 2089 566 2148 irater.
612 2085 708 2148 Cerne
732 2107 768 2148 en
791 2088 964 2169 ubicumque
986 2090 1128 2150 nefandus

257 2172 408 2233 Excidiutn
430 2172 540 2232 moliris
561 2173 638 2241 avis;
662 2191 772 2233 venere
793 2172 928 2233 volentes

257 2257 370 2318 Aoniae
394 2257 512 2336 populi,
538 2275 594 2316 nec
617 2275 678 2316 suin
698 2257 766 2334 tibi,
789 2275 895 2334 saeve,
916 2257 1047 2318 relictus.

259 2342 334 2415 Quid
352 2342 423 2402 velit
441 2345 496 2402 ista
519 2342 644 2416 cohors,
668 2350 698 2402 et
716 2351 745 2401 te
767 2343 878 2402 sentire
895 2342 1031 2402 decebat.

257 2425 394 2488 Reddere
411 2445 501 2504 regna
521 2431 642 2487 vetant!
687 2427 737 2486 Sic
757 2427 850 2503 latus,
873 2435 902 2486 et
923 2429 1017 2487 ornnia
1038 2429 1093 2488 rite
1202 2438 1256 2494 390

257 2511 407 2590 Disponit,
431 2514 480 2591 qui
502 2511 580 2572 bella
602 2521 723 2588 gerant,
746 2514 796 2591 qui
818 2513 933 2572 moenia
955 2524 1089 2589 servent,

258 2595 337 2670 Quas
357 2598 385 2656 in
408 2596 504 2657 ironte
523 2615 640 2673 manus,
661 2596 756 2656 medio
779 2615 853 2676 quas
873 2597 982 2657 robore
1004 2599 1097 2659 sistat.

321 2681 495 2760 Perspicuae
520 2683 562 2742 sic
581 2682 647 2741 luce
668 2682 750 2742 iores
774 2691 804 2742 et
822 2684 925 2759 virgea
943 2691 1045 2761 pastor

259 2763 391 2825 Claustra
414 2766 508 2840 levat,
531 2766 596 2826 dum
615 2775 695 2825 terra
716 2785 837 2833 recens;
860 2766 941 2826 iubet
962 2767 1063 2827 ordine
1085 2768 1195 2845 primos

258 2849 305 2908 lre
326 2850 434 2926 duces,
456 2849 551 2909 media
567 2850 707 2928 stipantur
728 2849 818 2928 plebe
839 2853 974 2917 maritae;
1203 2861 1255 2916 395

257 2931 326 3012 lpse
346 2934 424 2993 levat
444 2933 579 3010 gravidas
602 2943 631 2992 et
648 2933 762 2993 humum
780 2942 890 2993 tactura
914 2944 1064 3013 parentum

258 3018 372 3094 Ubera,
396 3017 606 3095 suceiduasque
628 3026 764 3095 apportat
787 3017 925 3077 matribus
947 3037 1047 3096 agnas.

319 3103 433 3163 lnterea
451 3101 543 3162 Danai
562 3111 737 3181 noctemque
756 3101 892 3180 diemque
914 3103 968 3163 sub
988 3104 1090 3180 anuis,

258 3187 381 3248 Noctem
403 3189 504 3247 iteruin
527 3204 685 3265 rursusque
705 3186 797 3264 diem,
821 3188 863 3246 sic
884 3189 926 3248 ira
952 3187 1082 3261 ferebat,

257 3272 445 3350 ingeminant.
491 3268 663 3350 Contempta
687 3273 787 3351 quies,
809 3273 859 3331 vix
880 3282 928 3333 aut
947 3291 1039 3352 sopor
1060 3273 1118 3333 illis
1203 3284 1256 3340 400

258 3358 317 3417 Aut
338 3358 444 3436 epulae
464 3357 566 3417 fecere
587 3375 709 3424 moram:
733 3366 908 3435 properatur
928 3359 957 3417 in
978 3358 1091 3418 hostem

259 3441 341 3502 More
364 3442 468 3519 fugae,
490 3451 831 3517 demonstratorem,
855 3460 930 3521 quae
951 3443 1072 3524 plurima
1093 3443 1183 3504 nectit

258 3527 423 3604 Prodigiale
442 3545 549 3587 canens
567 3528 639 3587 certi
660 3527 722 3586 fors
741 3527 943 3605 praevia'iati.

258 3612 374 3691 Quippe
397 3612 493 3671 ierunt
514 3612 593 3672 diros
614 3613 739 3672 monitus
760 3611 959 3692 volucresque
978 3612 1120 3692 feraeque

258 3697 421 3776 Sideraque
444 3698 598 3777 aversique
620 3698 680 3757 suis
703 3696 876 3758 decursibus
897 3716 1019 3772 amnes,
1213 3705 1272 3749 *ab

257 3781 454 3861 lniestunrque
474 3790 555 3843 tonat
576 3791 661 3864 pater
684 3791 717 3844 et
733 3783 817 3845 mala
833 3781 1113 3871 iulguralucenta
