3134 4434
573 485 775 534 ruusmos
798 485 868 534 ura.
891 485 953 535 vn.
1199 474 1258 537 tat

263 641 391 702 Gassidls
408 658 520 720 aequus
541 661 633 722 apex;
655 643 761 702 utinam
784 642 859 702 baec
878 640 1034 702 concordia
1055 641 1198 703 nostrisl'

329 725 382 786 Gai
401 729 500 787 senior
519 728 632 788 ridens:
661 726 745 787 ‘Non
766 729 856 807 prima
878 744 980 787 errore
999 725 1115 788 videndi

262 811 403 887 Falleris,
424 811 587 890 Antigone:
607 812 687 872 multi
706 812 778 888 bos,
801 830 867 872 nam
889 812 998 889 decipit
1018 819 1114 887 aetas,
1207 823 1259 877 295

262 897 404 956 Duxerunt
424 897 540 958 fratres.
584 897 671 958 Pater
690 907 735 956 est
756 906 916 976 natusque,
941 895 994 956 sed
1012 897 1077 955 aeui

264 980 431 1041 confudere
450 983 568 1043 modos:
592 1000 713 1061 puerum
731 981 902 1060 Lapithonia
919 979 1045 1058 nympha

262 1067 390 1126 Dircetis
408 1076 560 1145 expertem
580 1067 698 1128 thalami
721 1067 898 1146 crudumque
920 1066 1029 1127 maritis

262 1150 381 1228 Ignibus
399 1160 465 1211 ante
488 1152 564 1213 diem
585 1152 692 1230 cupido
713 1150 834 1212 violavit
856 1169 972 1226 amore,

260 1234 387 1314 Inproba
410 1236 537 1304 conubii;
560 1255 616 1297 nec
636 1237 754 1314 longum
775 1245 805 1296 et
825 1236 948 1314 pulcher
964 1234 1122 1295 Alatlrreus
1208 1245 1262 1298 300

262 1319 382 1396 Editus,
402 1338 438 1380 ac
459 1324 568 1400 primae
589 1323 753 1399 genitorem
772 1322 802 1380 in
823 1321 898 1380 llore
919 1322 1052 1379 iuventae

264 1403 459 1483 Consequitur
477 1408 622 1485 traxitque
643 1415 727 1465 notas
751 1414 780 1464 et
801 1406 917 1465 miscuit
939 1421 1039 1465 annos.

262 1487 300 1547 llt
323 1507 397 1548 nunc
420 1492 463 1550 sic
483 1491 590 1551 fratres
611 1493 729 1551 mentito
752 1491 867 1549 nomine
891 1488 1034 1567 gaudent,

262 1573 330 1632 Plus
352 1583 450 1651 pater;
471 1575 547 1635 hunc
568 1575 637 1635 olim
658 1577 736 1634 iuuat
755 1583 786 1635 et
804 1583 926 1634 ventura
948 1582 1095 1633 senectus.

263 1657 437 1718 Tercentum
457 1662 574 1737 genitor
596 1660 774 1738 totidemque
797 1661 826 1718 in
848 1658 960 1737 proelia
983 1667 1066 1718 natus
1208 1669 1260 1723 ³05

260 1742 409 1803 Exercent
430 1746 561 1824 equites:
584 1745 613 1805 bi
633 1744 802 1805 deseruisse
819 1745 949 1804 feruntur

260 1827 375 1887 Exulem
398 1828 525 1890 Glisanta
545 1828 785 1908 Coroneamque‚
809 1829 955 1890 feracem.

260 1911 359 1972 Messe
382 1911 562 1990 Coroneam,
584 1915 701 1976 Baccho
724 1913 853 1975 Glisanta
874 1913 1017 1973 colentes.

262 1999 322 2058 Sed
343 1999 439 2076 potins
462 1998 561 2058 celsos
583 1999 762 2059 umbrantem
783 1998 859 2058 hunc
878 1999 998 2077 adspice
1021 1998 1079 2058 late

260 2081 379 2160 Hypsea
401 2083 606 2162 quadriiugos,
630 2084 719 2162 clipei
741 2082 936 2161 septemplice
958 2090 1041 2142 tauro
1207 2092 1260 2146 310

260 2165 372 2243 Laeva,
396 2177 443 2227 ter
462 2169 557 2227 insuto
580 2177 744 2228 servantem
767 2169 894 2244 ingentia
918 2167 997 2226 ferro

261 2251 402 2312 Pectora:
426 2270 491 2312 nam
512 2261 597 2330 tergo
620 2270 772 2332 numquam
794 2260 897 2311 metus.
942 2249 1031 2312 Hasta
1051 2261 1195 2313 vetustum
1241 2280 1262 2315 ι

263 2336 405 2396 Silvarum
425 2338 533 2413 decus,
554 2339 679 2397 emissae
700 2339 747 2396 cui
766 2337 869 2414 pervia
892 2352 1012 2414 semper

259 2421 405 2501 Armaque
426 2430 608 2501 pectoraque
628 2431 658 2482 et
678 2439 831 2500 numquam
853 2438 954 2481 manus
972 2422 1055 2483 inrita
1076 2424 1146 2482 voti.

261 2505 379 2585 Asopos
398 2508 537 2584 genuisse
556 2508 656 2583 datur,
680 2507 841 2585 dignusque
863 2507 957 2566 videri
1207 2517 1260 2572 ate

261 2590 341 2651 Tunc
362 2602 463 2670 pater,
485 2591 615 2671 abruptis
634 2611 721 2671 quum
742 2591 970 2652 torrentissimus
993 2593 1052 2651 exit

259 2674 414 2753 Pontibus,
434 2685 483 2738 aut
504 2686 588 2738 natae
610 2677 733 2737 tumidus
757 2695 844 2755 quum
861 2676 982 2753 virginis
1003 2675 1081 2736 ultor

258 2758 388 2819 Flumina
410 2763 557 2821 concussit
575 2773 716 2838 generum
733 2761 880 2838 indignata
904 2759 1072 2821 Tonantem.

259 2841 390 2923 Namque
412 2845 508 2905 ferunt
528 2855 640 2923 raptam
662 2847 763 2924 patriis
784 2846 919 2922 Aeginan
941 2842 1083 2904 abundis

259 2928 404 3006 Amplexu
425 2929 545 2988 latuisse
567 2928 654 2989 loris.
698 2927 779 2989 Furit
798 2930 906 3002 amnis,
932 2936 962 2988 el
983 2929 1069 2988 astris
1160 2934 1162 2938 ’
1208 2939 1260 2993 320

259 3013 394 3072 lulensus
415 3012 530 3073 bellare
554 3023 636 3092 parat
658 3046 700 3060 —-
719 3013 844 3074 nondum
866 3015 921 3073 ista
943 3011 1072 3072 licebant

258 3096 322 3157 Nec
344 3099 460 3177 superis
480 3120 538 3165 ——;
560 3100 640 3158 stetit
659 3099 787 3158 audaces
808 3098 917 3158 effusus
937 3098 966 3157 in
987 3097 1061 3172 iras,

261 3181 474 3262 Conseruitqne
492 3201 592 3243 manus
614 3201 669 3243 nec
691 3201 777 3262 quem
800 3182 961 3262 inploraret
981 3180 1125 3259 babebat,

259 3267 363 3326 Donec
384 3270 413 3327 vi
432 3270 554 3328 tonitrus
574 3267 723 3328 submotus
746 3277 775 3328 et
796 3271 865 3346 igne
886 3266 1008 3328 trisulco

261 3350 367 3412 Gessit.
411 3352 516 3413 Adbuc
537 3351 609 3432 ripis
631 3355 776 3414 animosus
795 3371 906 3431 gurges
928 3351 1041 3412 aubelus
1206 3361 1256 3415 323

258 3436 438 3497 Fulmineum
461 3439 588 3498 cinerem
609 3457 791 3518 magnaeque
813 3437 935 3516 insignia
957 3454 1072 3516 poenae

261 3521 372 3582 Gaudet
395 3531 424 3581 et
446 3522 596 3583 Aetnaeos
617 3525 645 3583 in
668 3523 783 3584 coelom
806 3523 908 3583 cidare
930 3539 1068 3602 vapores.

260 3605 359 3667 Talem
383 3605 510 3678 Cadmeo
532 3609 697 3668 mirabimur
714 3608 834 3688 Hypsea
856 3625 978 3687 campo,

259 3692 290 3750 Si
312 3693 397 3752 modo
420 3693 549 3771 placavit
569 3693 642 3754 felix
662 3693 776 3772 Aegina
796 3692 968 3754 Tonantem.

258 3775 343 3836 Ducit
359 3777 515 3838 ltbonaeos
537 3786 567 3839 et
588 3777 829 3845 Alalcomenaea
842 3777 1010 3843 utinense
1067 3849 1139 3910 W
1238 3749 1342 3821 QX
