3134 4434
350 577 426 652 Quin
447 585 478 639 et
495 576 672 639 Thessalicis
691 577 765 639 ielix
783 578 923 641 Admetus
945 577 982 641 ab
1004 580 1065 642 cris
1134 594 1137 599 ·

285 663 344 725 Vix
365 662 481 723 sterilee
503 664 665 743 compescit
681 681 793 743 equae,
815 661 988 727 Centaurica
1006 665 1108 728 dicunt

286 748 417 815 Senium
440 747 546 824 credo,
567 748 643 809 adeo
665 766 768 809 sexum
786 749 984 826 indignantur,
1008 759 1037 811 et
1060 753 1160 813 omnis

284 831 319 894 ln
340 834 417 892 vires
438 832 561 894 adducta
582 832 699 908 Venus,
725 843 900 912 nantemque
920 834 1055 914 diemque
1088 868 1091 875 ·
1120 846 1124 852 '
1240 848 1291 905 333

285 916 478 995 Aesimulant,
500 916 621 978 maculis
641 917 893 995 internigrantibus
914 918 1015 989 albam
1060 928 1064 933 '

287 1000 395 1063 Tantus
414 1000 656 1081 uterque-color,
678 1001 759 1062 credi
779 1021 836 1063 neo
856 1003 988 1081 degener
1008 1004 1061 1066 illo

285 1086 331 1148 De
349 1104 442 1164 grege
465 1084 628 1163 Castaliae,
649 1087 757 1166 stupuit
777 1088 826 1165 qui
847 1088 932 1149 sibila
952 1106 1062 1151 cannae

284 1171 390 1233 Laetus
413 1180 443 1231 et
466 1169 562 1232 audito
584 1172 757 1250 contempsit
777 1171 917 1251 Apolline
931 1174 1031 1252 pasci.

347 1254 429 1316 Ecce
449 1264 478 1316 31
497 1253 650 1317 Iasonidae
671 1256 794 1316 iuvenes
814 1273 890 1317 nova
908 1257 1004 1335 gloria
1023 1259 1139 1319 matris.
1237 1268 1291 1325 1111

283 1338 463 1421 Hypsipyles
481 1338 597 1401 subiere
618 1341 706 1418 iugo,
728 1357 787 1419 quo
808 1349 911 1402 vectus
932 1350 1083 1421 uterque.-

283 1424 398 1487 Nomen
420 1442 475 1486 avo
494 1425 605 1502 gentile
624 1424 737 1502 Thoas,
761 1435 848 1504 atque
869 1428 963 1487 omine
986 1427 1082 1489 dictus
1136 1446 1139 1451 ’

283 1508 405 1571 Euneos
426 1509 684 1588 legem-geminis
707 1509 809 1571 eadem
830 1511 942 1588 omnia,
963 1510 1076 1588 uultus,

287 1592 413 1672 Currus,
434 1595 517 1673 equi,
538 1604 639 1655 vestes
662 1613 718 1673 par
734 1595 940 1657 etconcordia
959 1596 1036 1673 voti,
1145 1616 1148 1621 ·
1358 1590 1366 1705 1

285 1679 413 1740 Vincere
433 1678 483 1740 vel
502 1678 568 1739 solo
590 1680 708 1758 cupiunt
727 1696 743 1739 a
764 1679 856 1741 fratre
875 1679 1011 1760 relinqui.
1234 1689 1286 1746 est
1359 1708 1364 1779 p

283 1762 311 1825 lt
331 1760 463 1823 Chromis
483 1761 754 1842 Hippodamnsque3
776 1763 852 1825 alter
869 1772 948 1826 satus
970 1763 1102 1827 Hercule
1120 1781 1244 1845 magno,
1361 1782 1364 1789 ·

284 1832 615 1909 mte‘r'il‘oencm:
636 1846 768 1925 dubites,
789 1857 855 1909 uter
875 1849 966 1910 eliera
985 1858 1104 1929 presset
1360 1844 1364 1863 '

284 1931 381 1994 Frena
400 1933 501 2010 magis.
546 1930 640 2013 Gg‘ci
659 1950 751 2078 pecus
767 1932 817 1993 hie
832 1932 999 2079 Diome'‚
1021 1935 1123 1998 atille

283 2016 1048 2096 Pisaeiiugapatrrshae‚ernernsamo⁴
1130 2070 1133 2075 .
1362 2068 1366 2103 :

284 2101 405 2163 Exuviis
429 2101 550 2182 diroque
568 2101 658 2164 inbuti
678 2103 820 2180 sanguine
838 2120 950 2164 currus.
1232 2115 1286 2171 331)
1363 2108 1366 2115 “

348 2185 489 2247 bletarum
509 2188 604 2248 instar·
619 2196 682 2248 erat
701 2187 768 2248 hinc
788 2186 865 2249 nudo
886 2186 996 2249 robore
1017 2205 1162 2268 quercus,
1355 2120 1368 2329 ἐ

289 408 348 471 112
606 380 648 470 Ι3.
667 421 802 471 arentur
824 420 940 473 aurun
1351 307 1362 817 ι

286 2272 362 2333 Olim
384 2288 485 2333 omnes
507 2280 594 2333 exuta
616 2286 731 2349 comas,
752 2271 820 2332 hinc
839 2282 948 2333 saxeus
965 2271 1055 2333 umbo

284 2355 406 2417 Arbiter
425 2355 579 2434 agricolis;
601 2356 687 2416 finem
707 2356 786 2417 iacet
809 2357 884 2417 inter
904 2366 1073 2436 utrumque,

284 2441 379 2516 Quale
399 2449 502 2519 quater
520 2439 616 2504 iaculo
640 2440 780 2520 spatium,
793 2450 847 2502 'ter
864 2442 1003 2503 arundine
1023 2443 1134 2504 vineae.

265 2573 270 2593 ,
347 2523 462 2585 Interea
480 2533 564 2585 cantu
582 2522 732 2589 blusarcm.
747 2524 847 2587 nobile
867 2527 999 2587 mulcens
1230 2540 1285 2597 313

263 2607 447 2681 ;001131111113
467 2607 654 2688 citharaeque
674 2618 774 2670 manns
797 2610 1051 2690 insertus-Apollo

269 2693 418 2771 ¹Pumassi
437 2709 547 2753 summo
567 2692 722 2773 spectabat
737 2691 781 2755 ab.
796 2694 918 2757 aethere
938 2704 1050 2774 terras,

271 2777 359 2861 ¹Orsa
381 2777 466 2840 deum
487 2809 531 2827 —·
548 2796 616 2839 nam
633 2796 725 2859 saepe
736 2778 842 2840 'lovem
860 2778 1073 2859 Phlegramque
1091 2781 1198 2862 suique

270 2863 396 2942 :Anguis
418 2880 491 2942 opus
512 2862 689 2943 fratrumque
712 2865 777 2944 pins
799 2873 927 2925 cantarat
942 2864 1075 2926 'honores
1093 2898 1140 2919 ‚—

270 2932 365 3015 l'luno
382 2950 493 3028 aperit,
515 2949 579 3028 quis
598 2947 708 3009 fulmen
724 2958 812 3028 agat,
833 2949 902 3028 quie
920 2949 1017 3011 sidera
1041 2949 1140 3011 ducat·
1230 2963 1286 3020 360
1368 3026 1369 3033 ¹

275 3033 424 3113 ‘Spiritum
444 3032 520 3093 unde
539 3033 624 3094 animi
645 3033 756 3110 fluviis,
778 3051 854 3112 quae
874 3032 980 3113 pabula
1001 3035 1112 3111 ventis,

275 3117 349 3192 'Quo
368 3116 449 3178 fonte
471 3118 630 3179 inmensum
650 3119 845 3195 rivaticum,
868 3135 943 3198 quae
964 3118 1114 3180 uiasoles

275 3201 477 3281 Praecipiet,
499 3211 616 3263 noctem
637 3220 712 3281 quae
736 3203 883 3282 porrigat,
906 3204 1021 3265 inmane
1042 3204 1130 3269 tellus

281 3287 330 3347 1111
351 3285 446 3348 media
466 3297 497 3349 et
515 3305 616 3348 mrsus
636 3287 742 3348 mundo
764 3287 913 3349 succincta
933 3287 1043 3351 latenti.

346 3369 425 3432 urnis
446 3380 526 3449 erat,
548 3371 646 3433 differt
666 3371 766 3433 avidas
787 3370 887 3433 audire
908 3390 1045 3450 sorores,
1229 3387 1283 3444 333

281 3453 415 3536 Dumque
437 3456 545 3532 chelyn
566 3455 649 3516 lauro
672 3465 841 3535 textumque
862 3456 988 3531 inlustre,
1006 3474 1135 3520 coronae

282 3540 416 3619 Subligat
436 3549 466 3601 et
488 3543 567 3621 picto
589 3539 725 3619 discingit
746 3549 869 3620 pectora
881 3541 993 3621 limbo,
1034 3594 1037 3601 .
1119 3564 1123 3571 ·

212 3679 216 3687 .
280 3623 363 3686 llaud
386 3624 490 3705 procul
506 3623 679 3689 Herculeam
699 3624 831 3687 Nemeen
853 3624 981 3687 clamore
1001 3626 1139 3690 reductus

278 3708 430 3792 Adspicit,
453 3717 540 3791 atque
561 3708 623 3772 illic
639 3710 742 3791 ingens
764 3711 928 3773 certaminis
947 3711 1037 3773 1113111
1161 3726 1176 3759 -'
