3134 4434
334 461 374 525 82
660 459 691 523 Ρ.
714 474 848 524 suumn
869 472 985 525 annun

332 631 454 694 Nubilus
476 630 569 693 Arcas
590 640 670 709 agat;
695 638 796 693 contra
818 648 873 712 per
893 632 1009 694 crimina
1029 632 1146 710 functis,

333 719 388 794 Qui
409 717 508 797 plures
530 715 645 795 Erebo,
666 715 824 797 pluresque
844 734 861 776 e
878 719 1019 796 sanguiue
1041 715 1152 795 Cadmi,
1206 780 1208 783 ,

332 804 436 879 Angue
457 811 503 860 ter
524 817 652 862 excusso
672 810 701 861 et
722 801 855 880 flagranti
877 802 995 882 praevia
1016 812 1096 879 taxo,
1282 816 1332 872 435

333 886 507 965 Tisiphone,
531 886 588 947 dux
610 885 703 966 pande
722 885 814 963 diem,
835 904 890 947 uec
913 887 987 947 lucis
1009 897 1131 966 egentes

333 971 478 1034 Cerberus
498 989 622 1031 occursu
646 970 770 1051 cupitum
791 979 961 1050 retorqueat
978 971 1118 1032 umbras'

394 1055 530 1130 Dixerat,
551 1064 581 1116 et
601 1056 712 1135 pariter
728 1055 827 1115 senior
847 1055 1044 1136 Phoebeaque
1064 1058 1148 1134 virgo

331 1141 463 1203 Erexere
484 1141 607 1209 auimos;
629 1140 672 1200 illi
690 1139 842 1202 formidine
862 1141 951 1218 nulla,
998 1172 1000 1178 ·

332 1227 448 1305 Quippe
466 1227 494 1285 iu
517 1224 605 1286 corde
628 1223 717 1301 deus,
736 1223 831 1285 solum
849 1234 958 1286 hemor
978 1225 1072 1286 obruit
1090 1227 1197 1304 iugens
1278 1238 1330 1295 490

332 1310 598 1390 Oedipodioniden,
621 1309 752 1387 vatisque
770 1307 916 1371 horrenda
934 1310 1062 1370 canentis

330 1395 413 1456 Nunc
435 1394 587 1471 humeros,
606 1412 681 1454 nunc
700 1392 752 1454 ille
768 1411 868 1455 manus
890 1403 920 1455 et
940 1394 1055 1475 vellerq
1075 1405 1194 1476 pressat

330 1479 459 1556 Anxius,
480 1478 661 1558 inceptisque
680 1478 752 1539 velit
772 1478 916 1541 desistere
937 1481 1039 1540 sacris.

393 1564 493 1638 Qualis
516 1561 654 1624 Gaetulae
671 1562 863 1625 stabulantem
883 1562 918 1625 ad
941 1564 1081 1642 confraga
1100 1565 1196 1627 silvae

330 1650 459 1710 Venator
480 1648 569 1725 longo
591 1642 696 1708 motula
715 1648 844 1710 clamore
865 1648 980 1709 leonem
1279 1665 1329 1722 495

331 1732 493 1812 Expectat,
513 1732 628 1793 firmans
647 1732 768 1793 animum
788 1741 817 1794 et
838 1733 968 1797 sudantia
989 1734 1053 1794 nisu

304 1836 306 1843 '
331 1817 403 1878 Tela
425 1834 574 1897 premeus;
595 1816 676 1896 gelat
699 1833 878 1898 orepavor,
898 1836 1078 1898 gressusque
1098 1819 1286 1901 tremiscunt,

309 1950 311 1954 .
331 1902 402 1977 Quis
422 1903 517 1963 veniat
540 1911 734 1982 quantusque,
757 1903 813 1964 sed
829 1901 946 1965 horrida
966 1903 1048 1981 signa
1070 1903 1222 1966 frementis

331 1986 448 2066 Accipit
470 1996 500 2046 et
523 2005 611 2048 caeca
632 1984 747 2048 metitur
766 2004 908 2049 murmura
931 2004 1008 2049 cura.

392 2071 489 2151 Atque
510 2070 557 2132 hie
575 2071 703 2137 Tiresias
724 2072 848 2134 nondum
865 2071 1085 2134 adventantibus
1105 2073 1233 2137 umbris:
1278 2090 1328 2145 500

332 2156 473 2234 ‘Testor,
494 2157 548 2234 ait,
573 2157 673 2235 diuae,
696 2157 800 2237 quibus
816 2157 1101 2232 hunosaturavinrus
1120 2159 1230 2239 ignem,

329 2242 484 2321 Laevaque
505 2242 663 2304 convulsae
687 2241 816 2321 dedimus
838 2242 987 2304 carchesia
1006 2252 1114 2319 terrae,

329 2325 387 2387 laur
409 2344 524 2406 nequeo
545 2326 673 2389 tolerare
694 2344 813 2389 moram.
850 2324 998 2388 Cassusne
1019 2326 1158 2388 sacerdos

329 2409 460 2471 Audior‘?
480 2429 515 2471 an
536 2410 636 2472 rabido
656 2411 753 2472 iubeat
772 2412 796 2471 si
818 2410 956 2472 Thessala
975 2421 1058 2473 cantu

329 2493 432 2555 lbitis‘l
454 2505 483 2554 et
504 2494 649 2571 Scythicis
671 2496 805 2576 quotiens
823 2496 964 2557 medicata
984 2497 1106 2556 venenis
1275 2515 1326 2568 505

330 2577 448 2639 Colchis
470 2588 555 2656 aget,
577 2578 692 2659 trepido
714 2579 863 2660 pallebunt
881 2589 987 2654 tartara
1008 2578 1108 2642 motu?

329 2663 429 2723 Nostri
451 2682 520 2724 cura
539 2665 648 2740 minor,
671 2666 697 2725 si
718 2681 775 2725 uon
797 2664 934 2741 attollere
954 2665 1046 2726 bustis

330 2747 478 2828 Corpora,
502 2767 557 2809 nec
578 2749 679 2828 plenas
701 2744 824 2828 antiquis
847 2750 962 2811 ossibus
981 2768 1068 2811 urnas

329 2832 485 2912 Egerere,
502 2843 531 2894 et
552 2836 657 2895 mixtos
676 2834 813 2913 coelique
831 2833 979 2916 Erebique
1000 2834 1052 2895 sub
1072 2854 1157 2895 uuurn

329 2919 488 2979 Funestare
507 2918 579 2980 deos
601 2918 687 2997 libet,
710 2929 757 2981 aut
776 2922 918 2999 exanguia
941 2920 1021 2981 lerro
1275 2938 1326 2991 510

329 3003 386 3064 Ora
408 3006 507 3083 sequi,
529 3013 576 3065 aut
596 3022 700 3082 aegras
718 3004 879 3067 functorum
902 3024 1026 3086 carpere
1047 3002 1157 3066 fibras?

328 3086 372 3146 Ne
395 3098 498 3148 tenues
521 3092 612 3149 anuos
634 3089 797 3171 nubemque
815 3091 890 3152 hauc
908 3091 1010 3151 frontis
1029 3106 1153 3169 opacae,

328 3173 462 3250 spernite
485 3192 539 3248 ne,
561 3172 681 3252 mon'eo,
704 3183 733 3235 et
751 3174 835 3235 uobis
853 3176 967 3237 saevire
990 3174 1121 3235 facultas.

328 3257 440 3316 Scimus
462 3259 535 3317 eninr
555 3267 584 3317 et
600 3258 737 3339 quidquid
756 3259 812 3321 dici
831 3261 973 3340 noscique
994 3261 1111 3336 timehs,

327 3338 370 3405 Et,
386 3341 502 3401 turbare
519 3340 664 3421 Hecaten,
684 3347 713 3404 ni
730 3353 776 3422 te,
800 3343 998 3422 Thymbraee,
1018 3362 1149 3421 vererer,
1265 3361 1323 3415 ¹515

327 3424 364 3486 Et
385 3426 506 3505 triplicis
526 3426 621 3488 muudi
640 3447 793 3506 summurn,
817 3446 902 3511 quem
923 3431 1000 3490 scire
1019 3429 1161 3491 nefastum
1184 3443 1241 3494 est.

326 3509 409 3571 lllum
430 3510 483 3572 sed
501 3520 601 3573 taceo:
624 3513 761 3593 prohibet
781 3513 935 3595 tranquilla
956 3523 1103 3575 senectus.

325 3595 441 3674 lamque
463 3614 519 3674 ego
540 3614 594 3657 vos
616 3602 680 3657 —.'
720 3598 815 3660 hvide
836 3597 940 3659 subicit
960 3597 1108 3661 Phoebeia
1128 3598 1244 3662 Manto:

390 3680 540 3758 ‘Audir·is,
559 3683 691 3760 genitor,
713 3683 876 3762 vulgusque
896 3701 1028 3763 exangue
1050 3688 1236 3766 propinquat.

320 3763 458 3826 Panditur
477 3764 607 3844 Elysium
630 3767 737 3850 chaos,
760 3776 791 3830 et
809 3767 924 3831 telluris
946 3779 1068 3851 opertae
1271 3784 1324 3837 520
