3134 4434
419 446 607 541 1³31>n1>1u11
626 447 742 498 susum
760 447 937 497 smvsnuu
955 450 988 497 n.
1004 449 1051 496 rvi
1219 437 1258 500 73

227 636 229 640 ·
255 622 328 684 ergo
349 570 487 685 plura‘ih
508 614 611 684 quarto
632 603 785 681 silvarum,
808 623 892 684 quam
910 606 939 665 in
960 603 1128 684 prioribus?
1158 605 1203 666 Ne
1226 590 1258 667 se

254 699 360 772 putent
380 691 491 770 aliquid
513 690 632 767 egisse,
653 690 701 768 qui
722 689 991 767 reprehenderunt,
1016 700 1044 751 ut
1066 692 1162 768 audin,
1181 691 1260 769 quod
1360 713 1363 729 ·

254 776 313 838 hoc
342 776 404 836 stili
423 793 518 853 genus
542 774 707 835 edidissem.
751 774 875 834 Primum
897 793 1108 853 supervacuum
1132 785 1177 836 est
1202 777 1259 838 dis·

256 861 385 922 suadere
413 878 476 921 rem
503 860 624 928 iactam;
655 859 759 920 deiude
787 859 877 919 multa
906 879 944 920 ex
974 860 1032 920 iilis
1058 862 1113 921 iam
1141 861 1256 921 domino

256 945 379 1008 caesari
407 945 561 1020 dederam,
589 953 619 1004 et
647 952 753 1023 quanto
775 945 833 1004 hoc
862 944 927 1022 plus
951 954 1010 1020 est,
1038 965 1123 1025 quam
1146 944 1258 1006 edere?

255 1030 413 1092 Exercere
435 1039 530 1090 autem
551 1031 635 1089 iocos
654 1047 712 1088 uon
731 1026 824 1089 licet?
843 1031 870 1088 si
892 1039 1027 1107 secreto,
1054 1032 1154 1110 inquit.
1199 1031 1260 1091 Sed

256 1125 286 1177 et
313 1114 574 1195 sphaeromachias
599 1124 782 1193 spectamus,
807 1123 836 1174 et
864 1115 963 1192 pilaris
991 1116 1064 1175 lusio
1093 1116 1257 1176 admittitur.

256 1201 424 1262 Novissime
448 1200 578 1279 quisquis
607 1218 646 1258 ex
673 1201 745 1258 meis
772 1199 885 1259 invidus
913 1200 1021 1279 aliquid
1047 1201 1143 1278 iegit,'
1164 1202 1259 1260 statim

257 1305 290 1347 se
313 1287 468 1366 profitetur
486 1284 658 1359 adversum,
681 1285 779 1362 itaque
804 1284 926 1345 consiliu
951 1286 1012 1345 eius
1035 1282 1195 1346 accedam?
1227 1284 1260 1344 ln

258 1389 367 1432 summa
392 1387 497 1448 nempe
521 1385 578 1446 ego
600 1387 678 1445 sum,
710 1369 757 1445 qui
777 1369 933 1445 traducor,
955 1379 1051 1432 taceat
1073 1379 1102 1430 et
1122 1371 1258 1447 gaudeat.

257 1455 341 1517 Hunc
362 1465 459 1516 tamen
486 1453 590 1513 librum
612 1463 659 1529 tu,
682 1451 855 1529 Marcelle„
871 1454 1038 1515 defendes'
1066 1455 1104 1516 Et
1129 1456 1154 1516 si
1178 1456 1259 1516 vide·

258 1550 320 1618 tur,
343 1540 501 1615 hactenus,
524 1539 569 1598 sin
593 1540 702 1615 minus,
723 1537 981 1617 reprehendamur.

308 1683 333 1734 1.
370 1681 454 1735 xvn
485 1635 735 1733 ccusunhuns
764 1681 844 1732 rnre.
876 1679 963 1734 suc.
1000 1680 1208 1736 cunrmurcr

653 1785 869 1836 nonrrmnr.
1071 1764 1074 1769 ’

313 1880 409 1955 Laeta
428 1880 474 1940 his
496 1882 611 1941 octonis
631 1881 745 1942 accedit
768 1899 894 1961 purpura
912 1880 994 1941 fastis

259 1963 415 2041 caesaris,
438 1966 643 2045 insignemque¹
662 1967 757 2045 aperit
780 1967 968 2027 Germanicus
990 1984 1103 2042 annum,

258 2051 357 2131 mque
380 2051 471 2111 oritur
491 2069 555 2110 cum
577 2051 642 2112 sule
664 2068 758 2127 novo,
783 2070 848 2111 cum
868 2050 1026 2128 grandibus
1048 2053 1133 2111 astris
1188 2055 1192 2073 '

261 2135 377 2197 Clarius
395 2137 461 2215 ipse
483 2137 577 2196 nitens
596 2145 625 2196 et
646 2138 739 2215 primo
757 2139 849 2196 maior
873 2135 949 2196 Eoo.

260 2219 399 2283 Exultent
418 2221 504 2297 leges
522 2220 640 2296 Latiae,
661 2220 803 2298 gaudete,
829 2219 960 2287 curules;

260 2303 295 2366 Et
315 2307 550 2386 septemgemino
572 2308 744 2366 ianctanticr
766 2305 885 2366 aethera
904 2304 1001 2382 pulset

260 2389 351 2452 Roma
371 2392 460 2468 iugo,
483 2391 608 2469 piusque
630 2400 696 2450 ante
719 2392 791 2451 alias
814 2389 975 2451 Evandrius
997 2406 1083 2450 arces

260 2474 353 2537 Collis
378 2485 457 2535 ovet.
500 2475 623 2536 Suhiere
645 2476 713 2536 novi
735 2477 842 2555 palatia
864 2476 974 2551 fasces,

259 2558 295 2622 Ει
317 2561 453 2641 requiem
475 2560 520 2620 bis
542 2570 643 2621 sextus
665 2561 759 2621 honos
780 2554 979 2640 precihusqrie
1001 2561 1143 2643 receptis}

259 2643 346 2707 (iuria
371 2643 549 2705 Caesareum
570 2645 679 2722 gaudet
696 2646 805 2706 vicisse
825 2647 977 2724 pudorem.
1228 2656 1262 2709 10

258 2729 327 2810 lpse
347 2731 436 2790 etiam
458 2731 579 2791 inmensi
598 2741 752 2810 reparator
771 2733 911 2791 maximus
932 2730 998 2791 aevi

258 2815 377 2876 Attoliit
392 2814 505 2892 vultus,
529 2824 560 2875 et
579 2824 703 2895 utroque
725 2834 742 2878 a
763 2817 860 2876 limine
883 2824 982 2893 grates

258 2899 346 2961 lanus
369 2900 446 2976 agit,
470 2918 556 2979 quem
577 2911 607 2960 tu
629 2902 724 2962 vicina
745 2920 821 2980 pace
844 2902 964 2977 ligatum

259 2984 361 3045 Omnia
382 2986 491 3045 iussisti
514 3002 692 3064 componere
714 2985 793 3046 heila
816 2987 943 3062 novique
1235 3006 1258 3035 4ι

258 3067 290 3130 ht
309 3069 398 3147 leges
416 3071 512 3130 iurare
534 3070 600 3132 fori.
635 3069 727 3131 Levat
745 3089 818 3130 ecce
841 3071 960 3148 supinas
1229 3077 1261 3132 15

257 3153 332 3215 Hinc
354 3164 443 3233 atque
464 3155 530 3214 iude
553 3173 650 3215 manus
669 3157 843 3235 geminaque
866 3156 942 3214 haec
962 3169 1038 3212 vnce
1057 3154 1203 3233 profatur:
1256 3188 1259 3195 ·

322 3239 448 3316 ‘Salve,
467 3257 573 3317 magne
594 3259 700 3319 parens
718 3241 831 3316 mundi,
856 3240 904 3319 qui
925 3238 1044 3299 saecula
1064 3258 1178 3301 mecum
1255 3278 1258 3283 -

258 3322 425 3385 instaurare
447 3343 552 3403 paras,
574 3324 661 3385 talem
683 3334 713 3384 te
733 3343 856 3385 cernere
879 3341 998 3402 semper

258 3408 362 3470 Mense
382 3427 459 3469 ncvc
482 3419 530 3470 tua
552 3408 644 3470 Roma
667 3411 761 3488 cupit,
786 3411 829 3469 sic
850 3419 983 3487 tempora
1004 3409 1096 3487 nasci,

259 3494 310 3554 Sic
332 3510 424 3555 annos
446 3495 553 3555 intrare
572 3493 667 3554 decet.
709 3493 754 3554 Da
775 3495 882 3571 gaudia
898 3493 981 3553 iastis
1139 3526 1142 3533 =
1227 3501 1263 3554 20

259 3576 417 3648 Continua3
440 3579 495 3640 hos
519 3579 657 3639 humeros
674 3578 764 3638 multo
789 3580 867 3637 sinus
889 3577 994 3638 amhiat
1016 3587 1096 3638 ostro
1183 3610 1185 3615 ·
1236 3597 1258 3627 ···

258 3661 297 3724 Et
317 3673 477 3743 properata
497 3672 564 3724 tuae
584 3663 715 3724 manibus
739 3671 893 3741 praetexta
914 3661 1073 3724 Minervae.

260 3746 397 3828 Adspicis
417 3759 447 3810 ut
467 3749 586 3829 templis
606 3749 682 3809 alius
703 3749 796 3827 nitur,
819 3747 904 3809 altior
924 3747 983 3806 aris
