3134 4434
316 455 432 504 xxvm
709 452 919 501 PRAEFATIO.

360 638 381 659 ··=
401 613 448 670 Ad
458 610 662 698 Achilleidc
685 611 891 670 emendandam
904 610 1032 683 codices,
1044 614 1145 684 quibus
1157 629 1227 672 usus
1243 631 1316 683 sum,

316 702 346 758 hi
359 706 440 756 sunt:
924 716 926 725 '

374 804 377 813 ’
402 795 433 873 1)
452 794 634 863 Par-iriensis,
653 811 681 858 n.
700 800 788 863 8051,
807 796 873 850 olim
885 795 1034 851 Puteanus.
1057 795 1231 857 continebor
1243 798 1316 852 soliis

316 882 462 938 Thebaida
474 887 501 936 et
512 879 671 936 Achilleida
689 878 755 934 inde
768 895 825 950 ap.
841 883 900 946 59„
919 877 1030 936 duabus
1047 882 1076 936 in
1088 882 1190 954 quavis
1201 884 1316 954 pagella

317 966 471 1038 columnis,
490 964 670 1036 paucissimis
689 963 831 1019 scribendi
843 964 1033 1035 compendiis,
1050 969 1215 1023 membrana
1226 965 1316 1024 flave'·

318 1052 428 1118 scente,
446 1049 535 1105 literis
547 1065 598 1119 per
611 1065 642 1103 se
654 1048 722 1103 satis
735 1046 890 1117 distinctis,
910 1048 963 1103 sed
978 1053 1114 1120 temporis
1134 1051 1237 1106 iniuria
1248 1052 1315 1106 iam·

317 1137 374 1191 iarn
386 1126 634 1196 evanescentibus;
650 1148 687 1186 ex
699 1132 843 1202 omnibus,
862 1132 909 1202 qui
924 1134 952 1188 in
967 1133 1135 1191 bibliotheca
1145 1136 1209 1192 Par.
1221 1152 1317 1191 asser·

317 1226 434 1287 vantur,
458 1216 619 1274 Achilleida
634 1217 839 1272 continentibus
857 1217 934 1272 libris
951 1218 1071 1289 optimus
1091 1220 1203 1277 videtur
1218 1219 1315 1289 llasio,

317 1305 364 1376 qui
376 1303 554 1359 collationem
566 1303 645 1369 fecit,
660 1308 687 1355 et
698 1302 813 1357 saeculo
828 1299 939 1356 decimo
950 1303 1083 1374 scriptus.

402 1397 433 1476 2)
458 1401 585 1456 Gudeani
601 1400 657 1455 duo
675 1400 829 1455 membran.
846 1400 895 1455 iol.
913 1417 940 1454 n.
959 1407 993 1460 52
1008 1407 1035 1456 et
1050 1407 1101 1470 54,
1125 1403 1271 1461 Thebaida
1290 1412 1317 1461 et

317 1485 478 1543 Achilleida
490 1486 723 1556 complectentes;
742 1484 919 1540 collationem
935 1486 1001 1542 lecit
1013 1487 1143 1544 lenzius.

402 1585 434 1651 3)
456 1583 519 1641 cod.
537 1581 692 1639 Bassianus
708 1584 911 1653 (Parmensis),
926 1586 1005 1640 cuius
1024 1586 1159 1642 lectiones
1172 1604 1235 1643 cum
1247 1588 1319 1643 Len·
1350 1578 1353 1585 ’

316 1672 360 1726 zio
373 1666 589 1724 communicavit
600 1668 774 1738 Andresius,
796 1669 883 1724 abbas
896 1670 1001 1741 Parm,
1014 1670 1134 1743 scriptus
1147 1678 1190 1727 est
1201 1687 1227 1726 a.
1240 1675 1317 1742 1368,

316 1754 439 1829 continet
449 1750 536 1808 Theb.
548 1759 575 1808 ct
586 1751 689 1810 Achill.

404 1844 435 1925 t)
448 1849 513 1906 cod.
526 1849 709 1920 Ilrcsdensis,
720 1851 835 1905 membr.
850 1850 879 1904 in
889 1843 1016 1918 4⁰min.,
1029 1850 1103 1906 loliis
1114 1850 1206 1906 XXIV
1215 1853 1317 1923 priori-

316 1941 369 1992 bus
388 1932 468 1991 Statii
485 1934 659 2005 Achilleida,
683 1934 887 2005 posterioribus
904 1951 975 1989 vero
994 1933 1085 1989 XXVI
1105 1935 1253 1992 Claudiani
1270 1954 1315 1993 ra·

314 2027 390 2093 ptum
406 2019 592 2090 Proserpinae
609 2019 815 2090 complectens;
826 2017 912 2073 nitide
924 2017 1083 2091 dascrIptus
1098 2021 1214 2076 sacculo
1235 2020 1318 2087 X1V;

317 2104 433 2161 contulit
448 2119 511 2159 cum
522 2103 672 2175 Bipontina
683 2103 848 2159 Passovius.

401 2205 432 2272 5)
455 2202 519 2259 cod.
538 2201 767 2274 Oldcnburpcnsis
785 2201 908 2259 chartac.
922 2201 988 2270 lob,
1007 2202 1130 2257 continet
1143 2219 1199 2267 una
1213 2202 1316 2260 Teren-

317 2292 401 2358 tium,
418 2289 539 2359 scriptus
555 2294 585 2342 ut
596 2304 632 2342 ex
649 2303 765 2342 numero
778 2286 909 2342 Terentio
925 2284 1036 2357 adpicto
1052 2287 1147 2359 colligi
1163 2293 1272 2360 potest,
1287 2308 1314 2346 a.

316 2376 394 2442 1447,
409 2389 445 2427 cx
455 2371 533 2427 ltalia
549 2372 578 2426 in
595 2370 793 2427 bibliothecam
805 2371 977 2441 Oldenburg.
990 2369 1098 2426 delatus
1109 2371 1194 2428 huius
1206 2378 1314 2431 saeculi

318 2458 412 2525 initio,
430 2457 467 2511 cl.
478 2456 578 2511 Beckii
588 2460 746 2509 commentt.
760 2455 859 2510 societ.
869 2453 940 2526 phil.
955 2455 1031 2526 Lips.
1042 2456 1106 2510 Vol.
1123 2456 1145 2523 I,
1156 2473 1186 2528 p.
1198 2461 1261 2518 370.

401 2541 432 2607 6)
453 2540 518 2595 cod.
536 2539 744 2608 Dommerichii,
760 2537 828 2594 vide
847 2555 944 2611 progr.
957 2539 1169 2610 Dommerichii,
1189 2540 1316 2599 Wollcn-

315 2626 436 2683 buttelae
450 2629 527 2683 1758.
1262 2650 1267 2657 ·

400 2725 431 2790 7)
453 2721 516 2777 cod.
529 2719 736 2776 Ratisbonensis
747 2722 795 2777 lot.
807 2721 863 2793 LX,
874 2723 990 2779 membr.
1012 2739 1087 2778 saec.
1102 2721 1178 2777 xlv.
1284 2752 1291 2775 ι

399 2808 431 2874 8)
453 2806 517 2861 cod.
530 2804 714 2877 Ersordcnsir
729 2809 845 2863 membr.
864 2815 942 2864 sacci
958 2807 1033 2862 XIV.
1051 2807 1188 2882 scriptus,
1203 2811 1315 2868 collatio

317 2912 333 2950 a
344 2892 447 2949 Lenzio
459 2893 542 2947 lacta.

400 2979 431 3044 9)
452 2975 517 3032 cod.
531 2974 757 3033 Helmrtcdr‘ensia
773 2991 840 3030 saec
856 2974 937 3045 XV.,
971 2976 1099 3031 lectionis
1116 2977 1281 3033 varietatem
1300 2997 1316 3035 a

315 3059 511 3117 Wernsdorfio
524 3061 669 3116 collectam
680 3060 833 3130 exemplari
848 3076 900 3115 suo
917 3059 1215 3131 adscripsitllandius.

383 3147 431 3212 11)
453 3143 516 3199 cod.
531 3143 702 3199 Horatianus
713 3140 832 3219 (Herclii
843 3145 916 3216 prol.
928 3145 994 3200 olim
1005 3143 1212 3217 Erlordensis),
1220 3149 1315 3204 varias

315 3232 450 3286 lectiones
460 3228 651 3299 transscripsit
661 3227 798 3284 Handius.

401 3314 493 3382 Quum
511 3311 633 3383 alienum
649 3312 686 3366 sit
701 3314 736 3367 ab
754 3312 840 3369 huius
856 3311 989 3368 editionis
1007 3312 1115 3368 ratione
1133 3328 1267 3386 magnam
1285 3317 1316 3372 li·

239 3386 241 3392 ’
315 3402 444 3466 brorum,
464 3411 534 3466 quos
555 3395 713 3465 nominavi,
736 3398 900 3452 varietatem
919 3402 946 3451 et
968 3395 1185 3468 discrepantiam
1203 3415 1318 3456 enume-

315 3498 395 3548 rare,
411 3480 448 3536 ad
464 3495 498 3534 ca
512 3479 597 3534 modo
614 3481 677 3535 loca
692 3481 760 3550 quid
777 3482 839 3537 libri
851 3480 1001 3537 exhibeant
1018 3483 1193 3554 notavimus,
1212 3484 1258 3539 ubi
1269 3488 1316 3541 vel

316 3585 333 3622 a
348 3567 444 3622 verbis
462 3563 593 3642 editionis
608 3563 792 3635 Bipontinae,
809 3581 882 3636 quae
903 3566 1007 3636 ubique
1024 3566 1083 3619 lere
1095 3568 1235 3623 consentit
1249 3585 1314 3625 cum

317 3650 512 3718 Gronoviana‚
538 3649 725 3716 recessimus,
751 3652 798 3705 vel
819 3650 867 3705 ubi
883 3649 968 3705 codd.
988 3650 1156 3707 lectionibus
1174 3651 1315 3709 medelam

315 3737 437 3806 aliquam
449 3740 476 3790 et
489 3732 713 3790 emendationem
725 3736 844 3792 subesse
854 3733 1030 3808 putavimus'
