3134 4434
582 475 781 525 racemos
802 476 873 527 ure.
894 477 943 525 1x.
1207 467 1265 530 tor

264 631 345 692 Tunc
365 649 465 692 ensem
482 630 657 710 galeamque
677 632 754 710 rapit
773 632 960 711 clipeumque
976 634 1095 697 revellit
1210 649 1265 702 ooo

262 716 415 796 Hypseos,
435 717 654 794 exanimemque
675 724 778 777 tenens
799 734 890 795 snper
908 717 1158 797 Hippomedonta:

265 802 413 880 ‘Accipe,
436 802 490 877 ait,
512 800 596 860 simul
618 800 758 877 hostiles,
782 801 841 863 dux
857 820 979 880 magne,
1000 814 1125 884 tuusque

263 886 408 961 Exuvias,
427 887 527 944 veniet
548 886 639 945 cineri
663 884 755 946 decus
777 895 806 947 et
828 904 897 946 suus
921 887 993 947 ordo

262 971 408 1038 Manibus3
429 970 540 1030 interea
561 970 653 1031 iustos
676 971 742 1031 dum
761 970 908 1031 reddimus
930 974 1025 1049 ignes,

262 1055 326 1119 Hoc
348 1055 426 1115 ultor
447 1051 601 1133 Capaneus
623 1055 720 1133 operit
740 1065 790 1128 tua
810 1055 941 1117 membra
962 1057 1124 1136 sepulcro'
1210 1069 1262 1124 565

326 1141 376 1200 Sic
397 1157 508 1218 anceps
525 1140 597 1200 dura
618 1138 691 1200 belli
711 1141 778 1200 vice
801 1149 897 1200 mutua
919 1139 1013 1201 Graiis

263 1225 448 1303 Sidoniisque
464 1224 553 1284 ‘simul
576 1223 715 1285 nectebat
735 1224 858 1286 vulnera
877 1223 1005 1287 blavors.

263 1310 317 1369 llic
338 1309 419 1369 ierus
439 1307 660 1387 Hippomedon,
681 1308 742 1369 illic
764 1326 823 1369 non
844 1311 964 1386 segnior
981 1311 1118 1391 llppseus

262 1394 379 1469 Fletur,
402 1402 432 1452 et
454 1393 557 1452 alterni
579 1392 721 1472 praebent
742 1393 847 1455 solatia
868 1393 972 1456 luctus.
1042 1414 1043 1417 ¹

263 1476 406 1539 Tristibus
428 1478 539 1538 interea
562 1494 691 1536 somnum
708 1477 823 1539 turbata
842 1477 944 1555 liguris

264 1562 360 1623 Torva
382 1562 536 1639 sagittiferi
557 1570 649 1623 mater
669 1560 808 1640 Tegeatis
826 1561 954 1642 llpbebi,

263 1645 351 1707 Grine
373 1646 439 1706 dato
464 1647 571 1725 passim
593 1647 758 1726 plantisque
780 1665 819 1707 ex
840 1663 922 1707 more
942 1646 1056 1724 solutis,

262 1732 338 1792 Ante
360 1732 435 1792 diem
457 1731 572 1808 gelidas
593 1730 653 1791 ibat
673 1730 799 1792 badonis
821 1731 859 1792 ad
879 1731 971 1792 undas

260 1817 420 1893 Purgatura
441 1815 545 1876 malum
565 1815 653 1876 lluvio
675 1817 793 1877 virente
814 1831 963 1895 soporem.

260 1900 392 1979 Namque
414 1918 467 1979 per
489 1901 624 1962 attonitas
646 1919 778 1962 curarum
801 1901 933 1980 pondere
952 1910 1057 1962 noctes
1210 1915 1261 1970 575

262 1986 360 2065 Saepe
383 1994 412 2045 et
433 1985 571 2063 delapsas
592 1985 705 2062 adytis,
728 2003 802 2064 quas
822 1987 887 2065 ipsa
909 1987 1030 2063 dicarat,

260 2068 407 2145 Exuvias,
430 2087 523 2149 seque
541 2070 648 2147 ignotis
670 2087 771 2131 errare
793 2069 940 2149 sepulcris

260 2154 416 2215 Extorrem
436 2155 562 2214 nemoris
582 2153 788 2232 Dryadumque
808 2172 825 2215 a
844 2152 934 2232 plebe
954 2153 1092 2231 fugatam,

261 2240 359 2318 Saepe
380 2255 473 2298 novos
493 2239 551 2298 nati
572 2237 652 2298 bello
674 2238 799 2298 rediisse
819 2238 990 2317 triumphos,

261 2323 407 2402 Amoque
427 2332 456 2383 et
476 2322 623 2402 alipedem
644 2332 741 2383 notum
763 2323 944 2401 comitesque
962 2320 1092 2399 videbat,
1205 2336 1258 2392 580
1289 2340 1293 2351 ’

260 2407 408 2486 Nusquam
427 2409 539 2486 ipsum,
561 2425 637 2467 nunc
659 2425 697 2468 ex
719 2406 845 2468 humeris
864 2407 984 2467 lluxisse
1002 2407 1164 2487 pharetras,

260 2490 441 2571 Elligiesque
464 2510 532 2553 suas
553 2491 766 2572 simulacraque
788 2501 855 2553 nota
876 2493 1010 2553 cremori.

260 2576 439 2656 Praecipuos
464 2576 517 2638 sed
538 2578 612 2637 enim
630 2576 680 2637 illa
699 2586 792 2637 metus
815 2576 993 2656 portendere
1015 2578 1078 2639 visa

260 2661 327 2722 Nox
339 2662 472 2723 *miserae
492 2670 613 2741 totoque
635 2661 730 2722 creuit
751 2671 875 2742 pectore
896 2670 1027 2722 matrem.

325 2744 402 2806 Nota
420 2765 475 2826 per
495 2746 636 2828 Arcadias
652 2745 734 2807 felici
749 2745 859 2806 robore
881 2747 970 2807 silvas
1204 2760 1255 2813 585

261 2830 393 2905 Quercus
415 2839 492 2905 erat,
516 2829 631 2890 Triviae
652 2847 736 2907 quam
759 2830 965 2890 desacraverat
984 2832 1048 2908 ipsa

259 2913 393 2975 Electam
413 2912 497 2974 turba
517 2930 666 2973 nemorum
686 2929 848 2991 numenque
869 2913 994 2974 colendo

259 2999 400 3066 Fecerat3
421 2997 470 3057 bic
491 3015 577 3058 arcus
595 3005 626 3058 et
645 2996 727 3057 iesse
745 3014 893 3076 reponere
910 2998 969 3058 tela

260 3084 407 3161 Armaque
430 3099 518 3143 curva
535 3099 631 3157 suum,
651 3090 682 3142 et
700 3098 857 3143 vacuorum
873 3087 959 3160 terga
977 3081 1093 3145 leonum

259 3160 367 3245 ligere
389 3175 419 3227 et
439 3167 574 3244 ingentes
595 3167 749 3245 aequantia
766 3183 874 3228 cornua
897 3166 995 3228 silvas.
1203 3181 1255 3235 590

260 3252 317 3312 Vix
338 3252 423 3314 ramis
444 3250 545 3328 locus,
567 3259 702 3328 agrestes
720 3251 795 3313 adeo
817 3253 911 3312 omnia
932 3253 1049 3330 cingunt

259 3335 406 3412 Exuvias,
430 3343 462 3396 et
480 3336 603 3397 viridem
621 3335 693 3396 ferri
713 3338 791 3397 nitor
812 3337 920 3415 inpedit
942 3337 1080 3401 umbram.

259 3420 358 3498 llanc,
380 3430 410 3480 ut
430 3418 507 3482 iorte
529 3421 605 3499 iugis
625 3419 715 3498 longo
737 3421 855 3483 defessa
877 3420 990 3485 redibat

259 3507 391 3582 Venatu,
413 3504 500 3565 modo
521 3514 605 3585 rapta
622 3505 710 3567 ferox
728 3503 952 3582 Erymanthidos
972 3525 1059 3569 ursae

260 3589 317 3650 Ora
340 3589 455 3665 ferens,
478 3589 567 3651 multo
590 3589 768 3669 proscissam
789 3590 911 3651 vulnere
929 3593 1022 3651 cernit
1202 3601 1253 3655 595

258 3675 442 3754 Deposuisse
463 3690 573 3735 comam
595 3683 625 3734 et
643 3683 776 3735 rorantes
801 3675 941 3752 sauguine
961 3693 1057 3737 ramos

259 3758 418 3837 Expirasse
439 3758 523 3827 solo;
547 3759 701 3839 quaerenti
716 3757 859 3841 Nauplia
878 3767 1025 3821 eruentes
