3134 4434
318 436 359 496 70
651 449 682 495 Ρ.
703 447 837 496 naemu
859 447 975 496 sanun
1089 474 1091 484 .

318 562 450 668 Et'nuue
474 605 524 679 illa
544 613 626 664 tenet
645 603 761 665 viduum
782 605 862 684 quod
879 606 944 667 sola
965 605 1073 683 cubile,
1160 626 1182 685 .'
1220 601 1223 607 '
1285 619 1321 674 60

319 691 384 753 Otia
405 701 462 752 tam
483 689 625 769 pulchrae
645 690 714 749 terit
733 689 908 751 infoecunda
929 693 1080 760 iuventae;

319 776 379 838 Sed
401 777 519 836 venient
539 774 642 852 lestis,
664 774 783 835 venient
807 775 950 837 connubia
968 776 1071 838 taedis.

319 864 370 924 Sic
393 871 474 922 certe
493 859 664 939 formaeque
686 860 772 920 bonis
795 862 939 941 animique
960 870 1103 931 meretur;

318 949 389 1010 Sive
413 946 519 1021 chelyn
540 944 694 1023 complexa
714 946 797 1024 petit,
817 963 870 1005 seu
890 963 968 1006 voce
990 955 1112 1026 paterna

319 1032 496 1092 Discendum
515 1028 603 1089 blusis
624 1038 708 1090 sonat
730 1040 759 1090 et
781 1048 847 1090 mea
870 1031 996 1091 carmina
1016 1031 1117 1108 lleetit,
1287 1045 1321 1100 65

287 1169 291 1178 .
321 1115 449 1176 Candida
471 1133 524 1175 seu
544 1113 624 1174 molli
647 1113 756 1175 diducit
775 1113 895 1176 brachia
917 1125 1013 1192 motu,-

319 1201 470 1280 lngenium
491 1195 621 1280 probitas
643 1207 794 1279 artemque
813 1200 956 1261 modestia
974 1201 1073 1260 vincit.

383 1286 487 1346 Nonne
509 1284 592 1344 leves
616 1301 742 1364 pueros,
763 1301 822 1344 non
843 1293 891 1362 te,
916 1284 1079 1363 Cytherea,
1100 1285 1231 1364 pudebat

319 1371 384 1432 lloc
406 1387 525 1431 cessare
544 1365 657 1429 decus?
678 1368 743 1429 Nec
764 1379 872 1430 tantum
893 1370 986 1439 Roma
1008 1371 1122 1451 iugales

322 1455 488 1517 Conciliare
510 1463 592 1514 toros
616 1454 767 1533 festasque
790 1456 956 1515 accendere
978 1455 1080 1516 taedas
1198 1473 1201 1476 ·
1290 1467 1325 1523 70

319 1541 453 1615 Fertilis,
477 1549 506 1599 et
526 1548 627 1600 nostra
647 1541 752 1616 generi
772 1539 880 1600 tellure
900 1539 1053 1601 dabuntur.

319 1626 386 1688 Nou
407 1626 481 1686 adeo
504 1623 669 1684 Vesuvinus
691 1641 769 1702 apex
791 1633 821 1684 et
839 1625 971 1686 llammea
992 1625 1047 1685 diri

319 1709 426 1771 blontis
448 1709 540 1769 hiems
558 1708 688 1788 trepidas
708 1709 841 1770 exhausit
865 1710 978 1770 civibus
999 1708 1103 1770 urbes:

321 1798 404 1857 Stant
425 1794 601 1873 populisque
623 1793 732 1870 vigent.
772 1793 827 1855 llic
847 1797 968 1873 auspice
989 1795 1106 1856 condita
1127 1794 1250 1856 Phoebo

322 1881 431 1955 Tecta,
453 1878 610 1939 Dicarchei
631 1888 733 1958 portus
756 1887 786 1938 et
808 1879 894 1941 litora
912 1880 1009 1941 mundi
1290 1891 1324 1946 75

320 1965 457 2044 Hospita;
480 1973 510 2023 et
531 1964 578 2023 hic
599 1981 721 2040 magnae
743 1973 853 2024 tractus
872 1965 1010 2025 imitantia
1030 1963 1141 2025 Romae

322 2051 405 2124 Quae
427 2047 525 2127 Capys
547 2049 678 2109 advectis
696 2048 818 2128 inplevit
836 2052 950 2112 moenia
973 2050 1105 2110 Teucris.

321 2135 429 2195 Nostra
453 2151 570 2212 quoque
592 2134 673 2196 haud
690 2135 818 2214 propriis
839 2136 951 2212 tenuis,
974 2153 1030 2194 nec
1049 2152 1114 2195 rara
1135 2134 1248 2195 colonis

320 2219 523 2298 Parthenope,
551 2219 596 2278 cui
616 2220 683 2278 mite
705 2219 799 2280 solum
820 2229 898 2280 trans
918 2236 1047 2300 aequora
1065 2228 1170 2279 vectae

322 2305 392 2384 lpse
414 2303 547 2364 Dionaea
568 2305 739 2364 monstravit
760 2303 870 2384 Apollo
894 2304 1037 2366 columba.
1291 2314 1327 2367 80

321 2389 382 2450 Has
405 2406 462 2466 ego
485 2399 514 2448 te
536 2389 640 2465 sedes,
661 2408 726 2449 nam
746 2408 803 2449 nec
824 2390 891 2451 mihi
909 2389 1034 2451 barbara
1056 2389 1169 2450 l'hrace

322 2474 387 2534 Nec
408 2474 498 2549 Libye
520 2473 615 2533 natale
638 2474 748 2550 solum,
770 2475 932 2535 transferre
958 2474 1072 2536 laboro.

325 2559 405 2632 Quas
428 2567 458 2618 et
476 2557 573 2617 mollis
595 2557 688 2617 hiems
710 2568 739 2618 et
760 2558 867 2636 frigida
887 2569 1032 2638 temperat
1051 2568 1158 2638 aestas,

324 2642 405 2716 Quas
427 2641 536 2703 inbelle
559 2641 665 2702 fretum
684 2644 866 2721 torpentibus
889 2645 972 2705 alluit
991 2645 1085 2705 undis.

323 2729 384 2788 Pax
405 2746 510 2788 secura
532 2726 606 2788 locis
630 2736 660 2787 et
681 2728 791 2789 desidis
814 2731 874 2789 otia
893 2730 982 2806 vitae,

322 2813 361 2874 Et
379 2830 531 2892 numquam
553 2810 667 2873 turbata
689 2813 773 2892 quies
796 2815 946 2894 somnique
969 2815 1092 2892 peracti.

323 2898 409 2959 Nulla
431 2897 497 2958 loro
516 2896 630 2974 rabies,
653 2907 701 2959 aut
719 2900 837 2959 strictae
856 2899 949 2977 iurgia
968 2898 1056 2976 legis,

324 2983 436 3043 Morum
456 2984 517 3043 iura
539 2984 610 3043 viris
632 2983 727 3043 solum
748 2992 778 3043 et
799 2985 861 3043 sine
884 2982 1014 3045 fascibus
1036 3001 1170 3061 aequum.

388 3066 463 3141 Quin
485 3085 561 3129 nunc
582 3069 749 3146 magnilicas
770 3069 889 3148 species
912 3067 1065 3148 cultusque
1087 3067 1221 3128 locorum

325 3152 506 3230 Templaque
528 3162 557 3213 et
579 3153 735 3212 innumeris
756 3155 850 3232 spatia
873 3153 1054 3214 interstincta
1075 3152 1228 3228 columnis,
1294 3162 1327 3215 90

324 3237 363 3298 Et
384 3238 528 3314 geminam
547 3237 654 3296 molem
677 3237 743 3297 nudi
765 3239 895 3318 tectique
918 3238 1023 3298 theatri

325 3322 363 3382 Et
382 3320 548 3400 capitolinis
570 3323 763 3401 quinquennia
782 3324 914 3402 proxima
936 3323 1046 3397 lustris,

325 3406 402 3482 Quid
423 3406 538 3466 laudem
557 3408 633 3466 risus
656 3405 879 3488 libertatemque
900 3405 1060 3482 Menandri,

326 3492 419 3567 Quam
436 3490 581 3551 Romanus
600 3491 694 3551 honos
717 3501 748 3552 et
769 3501 852 3571 grata
875 3492 993 3552 licentia
1016 3489 1160 3552 miscenti

325 3576 389 3637 Nec
409 3578 513 3637 desunt
532 3578 630 3636 variae
653 3579 761 3636 circum
780 3576 972 3637 oblectamina
993 3578 1083 3652 vitae,
1296 3585 1328 3640 95

326 3663 396 3722 Sive
415 3661 615 3740 vaporiferas,
637 3660 824 3722 blandissima
843 3662 946 3737 litora,
969 3661 1065 3736 Baias,

325 3745 439 3808 Enthea
460 3746 614 3824 fatidicae,
633 3765 686 3808 seu
703 3748 803 3808 visere
825 3756 903 3808 tecta
928 3745 1059 3823 Sibyllae
