3134 4434
273 403 332 471 128
575 464 580 473 ,
616 415 941 467 a.eunm11suun11

272 572 356 633 llulti
376 580 421 648 et,
445 587 520 651 qnos
539 569 613 633 varii
634 579 714 633 tacet
732 572 896 650 ignorantia
915 571 1019 651 vulgi,
1175 616 1179 631 2
1240 590 1285 647 500

270 657 345 719 llinc
365 666 452 736 atque
472 656 539 718 lninc
557 654 688 717 subiere.
727 657 789 718 Sed
805 656 922 719 Arcada
940 657 1228 743 Parthenopaeum,

273 741 433 822 Appellant
454 739 595 819 densique
617 742 695 802 cient
713 758 789 819 uaga
809 758 953 803 murmura
972 743 1061 805 circi.
1115 780 1120 789 ·
1161 782 1165 789 -

269 826 347 889 Nota
368 843 473 905 pareus
493 843 596 896 curau;
618 827 683 905 quia
703 825 864 889 llaenaliae
885 826 1040 891 Atalantes
1111 882 1115 891 .
1136 890 1139 895 ,

271 910 392 972 Nesciat
411 910 561 988 egregium
580 908 670 971 decus
691 919 721 971 et
741 912 868 990 vestigia
889 912 1002 972 cunctis
1128 942 1131 947 ·

270 995 451 1074 Iudeprensa
473 990 596 1074 procis?
632 992 742 1056 Onerat
758 995 952 1058 celeberrima
972 1004 1076 1057 natum
1238 1010 1285 1069 5⁶5

270 1079 375 1156 Mater,
398 1089 427 1140 et
447 1079 512 1158 ipse
531 1078 634 1158 procul
655 1079 731 1140 lama
751 1081 808 1141 ianr
822 1089 908 1141 notus
929 1082 1062 1141 inermes

271 1162 410 1225 Narratur
429 1181 533 1225 cervas
553 1163 647 1242 pedes
667 1165 743 1225 inter
763 1174 866 1244 aperta
886 1163 995 1240 Lycaei

270 1248 391 1311 Tollere
410 1257 440 1308 et
457 1248 593 1309 emissum
615 1266 701 1310 cursu
722 1249 908 1328 deprendere
926 1247 1025 1309 telum.
1047 1266 1051 1275 ·

271 1332 399 1395 Tandem
417 1340 589 1412 expectatus
610 1332 724 1394 volucri
740 1351 830 1413 super
849 1333 963 1411 agmina
983 1332 1061 1394 saltu

269 1417 382 1479 Emicat
403 1426 433 1477 et
453 1426 530 1478 torto
552 1417 732 1494 chlamydem
752 1417 896 1480 dlilibulat
916 1434 997 1479 auro.
1118 1448 1125 1457 -
1233 1430 1284 1488 ⁶70

270 1502 418 1564 Eliulsere
440 1511 535 1579 artus,
557 1502 810 1582 membrorumque
824 1503 917 1563 omnis
935 1509 1038 1582 aperta
1059 1511 1110 1563 est

233 1622 239 1653 r
268 1586 389 1648 Laetitia
406 1588 594 1665 insignesque
612 1586 740 1664 humeri,
760 1605 818 1648 nec
839 1595 962 1666 pectora
984 1585 1068 1647 nudis

269 1669 425 1733 Deteriora
446 1672 546 1748 genis,
566 1671 706 1749 latuitque
727 1672 756 1732 in
776 1689 904 1752 corpore
921 1671 1028 1732 vultus.

267 1754 338 1835 lpse
358 1764 453 1816 tamen
474 1755 586 1816 formae
607 1754 722 1816 laudem
742 1765 915 1835 aspernatur
936 1765 967 1816 et
986 1764 1070 1816 arcet

269 1838 422 1909 Mirantem
446 1849 515 1900 tunc
535 1838 679 1900 Palladios
700 1857 758 1901 non
778 1842 887 1903 inscius
908 1841 1028 1902 haustus
1227 1852 1278 1911 575

268 1923 416 2001 Incubuit,
435 1925 592 2004 pinguique
614 1918 707 1985 cute'm
728 1925 859 1987 fuscatur
879 1925 970 1987 olivo.
1023 1946 1026 1951 ·

267 2009 333 2070 Hoc
353 2008 436 2084 ldae,
458 2010 516 2071 hcc
534 2027 616 2070 more
634 2009 743 2086 Dymas
761 2009 869 2090 aliique
890 2012 1043 2071 nitescunt.

333 2095 383 2154 Sic
404 2093 454 2154 ubi
474 2094 629 2175 tranquillo
653 2095 803 2174 pelluoent
822 2095 919 2156 sidera
939 2102 1030 2173 ponto

268 2178 464 2258 vibraturque
486 2180 570 2240 iretis
593 2178 670 2241 coeli
692 2179 835 2241 stellantis
853 2180 962 2256 imago,

271 2263 371 2324 Omnia
395 2263 474 2325 clara
495 2265 603 2334 nitent;
621 2263 678 2325 aed
698 2265 921 2326 clarioromuia
941 2280 1030 2342 snpra
1134 2326 1139 2333 ,
1223 2277 1276 2335 am

267 2347 418 2427 Hesperos
443 2358 564 2409 exercet
583 2348 699 2426 radios,
724 2357 906 2429 quantusque
927 2366 982 2428 per
1002 2346 1091 2408 altum
1206 2414 1214 2429 ,

267 2431 414 2508 Aethera,
437 2432 581 2493 caeruleis
602 2442 697 2494 tantus
718 2441 894 2496 monstratur
917 2433 947 2494 in
965 2432 1057 2493 undis.

268 2515 420 2579 Proximus
443 2526 473 2577 et
493 2516 586 2578 torma
605 2535 662 2579 nec
685 2517 804 2579 multum
825 2519 946 2597 segnior
963 2516 1030 2579 ldas

270 2598 410 2661 Cursibus
429 2610 516 2680 atquc
539 2619 613 2663 aevo
635 2603 828 2682 iuxtaprior3
849 2613 975 2665 attamen
993 2600 1037 2662 illi

267 2684 329 2747 lam
349 2694 465 2746 tenuem
483 2686 607 2766 pingues
626 2685 729 2749 llorear
749 2687 896 2757 induxere·
908 2688 1085 2767 palaestrae,
1218 2697 1273 2753 685

268 2768 466 2850 Deserpitque
488 2773 587 2852 genis,
608 2790 665 2833 nec
685 2788 719 2834 ae
739 2772 846 2851 lanugo
865 2773 973 2834 latetur
1030 2808 1032 2812 -
1353 2768 1360 2849 ἱ

268 2854 404 2916 intonsae
426 2856 480 2917 sub
500 2856 577 2918 nube
599 2873 711 2920 comae.
750 2856 832 2919 Tunc
851 2859 907 2919 rite
929 2858 1032 2917 citatos
1355 2862 1358 2885 ³

268 2937 432 3020 Explorant
450 2950 614 3022 acuuntque
635 2942 758 3021 gratim,
774 2942 931 3023 variasque
953 2958 1008 3021 per
1028 2947 1108 3001 artes

268 3023 557 3088 Instimulant-docto
578 3028 744 3105 languentia
763 3026 894 3089 membra
916 3024 1046 3105 tumultu,

269 3107 385 3189 Poplite
402 3128 477 3173 nunc
495 3111 574 3173 flexo
595 3112 706 3189 sidunt,
728 3129 804 3173 nuuc
824 3111 936 3173 lubrica
955 3110 1025 3172 forti
1216 3120 1272 3177 oco

268 3192 393 3255 Pectora
415 3195 555 3258 collidunt
575 3197 694 3276 plausu,
714 3214 790 3257 nunc
806 3196 893 3275 ignea
913 3194 1017 3257 tollunt

271 3276 363 3339 Crura
382 3278 562 3361 brevemque
582 3281 681 3358 lugam
700 3282 846 3360 necopino
868 3281 925 3343 line
947 3287 1100 3359 reponunt.

331 3363 369 3424 Ut
390 3367 447 3425 ruit
467 3374 554 3444 atquc
575 3383 699 3444 aequum
719 3365 851 3428 submisit
868 3366 975 3445 regula
994 3365 1092 3441 limen,
1145 3382 1150 3391 ·

269 3447 446 3528 Corripuere
468 3449 552 3511 leves
573 3451 711 3529 spatium,
734 3464 897 3531 campoque
917 3448 1035 3513 relulait

267 3531 350 3595 Nuda
373 3533 496 3603 cohors;
516 3534 653 3597 volueres
675 3537 781 3598 iisdem·
796 3535 1013 3599 modo-tardius
1031 3536 1111 3595 arvis
1163 3552 1167 3559 ·
1217 3543 1271 3601 cat
1367 3530 1369 3562 ¹

266 3615 331 3679 lsse
352 3618 485 3679 videntur
505 3620 589 3699 eqni:
612 3620 716 3682 credas
737 3638 755 3682 e
776 3619 866 3700 plebe
885 3617 1037 3696 Cydonum

265 3699 495 3785 Parthorumque
517 3705 586 3786 luga
605 3704 889 3775 totidem-exiluisse
909 3706 1044 3783 sagittas.
1115 3756 1119 3761 .
