3134 4434
598 464 799 514 THEBAIDOS
821 465 891 513 LIB.
912 466 951 515 11.

276 621 457 698 Faunorum,
481 619 620 699 diraeque
645 622 731 680 etiam
749 621 854 697 lugere
874 620 1012 681 volucres

278 705 445 782 Prodigiale
467 723 577 764 nemus.
622 703 731 766 Tacitis
750 705 807 765 huc
828 705 982 782 gressibus
1003 707 1061 765 acti

277 790 442 850 Deveniunt
463 790 592 868 peritura
610 789 737 866 cohors,
758 790 931 868 hostemque
951 789 1108 868 superbum

277 875 383 934 Annlxi
404 874 507 934 iaculis
529 883 559 934 et
579 874 656 934 humi
675 876 771 953 posita
794 893 871 935 arma
894 882 1030 935 tenentes

276 959 443 1040 Expectant
465 959 614 1037 densaque
634 977 736 1020 nemus
756 961 881 1020 statione
905 968 1055 1020 coronant.

342 1041 491 1122 Coeperat
508 1043 635 1105 humenti
656 1043 805 1104 Phoebum
827 1044 986 1104 subtexere
1008 1042 1087 1122 palla

277 1127 345 1189 Nox
365 1137 395 1190 et
414 1129 578 1189 caeruleam
600 1130 686 1188 terris
708 1129 852 1189 infuderat
875 1129 1011 1191 umbram.

277 1213 333 1274 Ille
354 1212 570 1294 propinquabat
589 1213 672 1273 silvis
693 1222 723 1274 ct
741 1213 777 1274 ab
796 1231 907 1291 aggere
927 1213 1010 1274 celso

271 1300 368 1358 Scuta
387 1299 478 1357 virum
500 1297 661 1376 galeasque
679 1298 758 1359 videt
779 1299 899 1359 rutilare
922 1306 1080 1372 comantes,
1222 1306 1275 1361 530

278 1382 343 1457 Qua
365 1382 462 1442 laxant
483 1383 554 1442 rami
575 1401 675 1443 nemus
698 1383 880 1461 adversaque
903 1382 955 1442 sub
977 1380 1079 1443 umbra

277 1467 442 1528 Flammeus
463 1467 569 1527 aeratis
590 1467 676 1528 lunae
695 1477 805 1528 tremor
825 1476 903 1528 errat
923 1469 952 1527 in
972 1467 1067 1529 armis.

279 1551 434 1630 Obstupuit
456 1553 543 1627 visis,
565 1551 625 1612 ibat
645 1561 758 1630 tamen,
780 1551 898 1613 horrida
920 1561 1027 1615 tantum

280 1636 398 1715 Spicula
421 1645 450 1696 et
471 1636 613 1696 inclusum
635 1636 741 1716 capulo
761 1646 846 1697 tenus
867 1637 1001 1698 admovet
1021 1645 1155 1697 ensem.'

279 1721 324 1781 Ac
347 1722 428 1800 prior
449 1721 545 1782 ‘Unde
567 1722 639 1798 viri,
660 1721 766 1800 quidve
790 1722 943 1782 occultatis
960 1723 991 1782 iu
1011 1718 1135 1783 armis‘l'

279 1805 345 1865 Non
367 1805 465 1866 humili
483 1815 598 1867 terrore
617 1815 711 1884 rogat.
755 1805 820 1867 Nec
841 1805 954 1867 reddita
972 1815 1073 1867 contra

279 1891 363 1967 Vox,
389 1890 532 1970 fidamque
554 1901 663 1968 negant
684 1899 823 1970 suspecta
841 1890 955 1952 silentia
973 1909 1088 1970 pacem.

279 1975 360 2036 Ecce
382 1983 477 2035 autem
496 1985 581 2036 vasto
602 1973 737 2036 Chthonii
759 1985 892 2037 contorta
913 1975 1038 2052 lacerto,

281 2060 347 2135 Quo
365 2059 440 2120 duce
462 2059 537 2120 lreta
560 2060 683 2136 cohors,
706 2061 806 2122 luscus
827 2059 983 2121 intervolat
1005 2076 1092 2121 auras

278 2144 385 2220 Hasta,
408 2143 462 2203 sed
483 2144 599 2204 audenti
621 2144 694 2205 deus
716 2153 746 2204 et
766 2145 881 2205 fortuna
904 2145 1040 2205 recessit.

280 2229 339 2289 Per
361 2238 458 2289 tamen
479 2226 574 2289 Olenii
595 2229 723 2307 tegimen
744 2230 805 2289 suis
823 2238 943 2307 atraque
964 2229 1037 2289 setis

281 2312 378 2391 Terga
398 2331 488 2392 super
509 2313 611 2374 laevos
633 2312 771 2374 humeros
792 2315 888 2375 vicina
906 2314 1004 2374 cruori

279 2398 404 2476 Effugit,
428 2407 458 2458 et
477 2398 565 2461 viduo
587 2398 715 2476 iugulum
737 2398 805 2459 lenit
823 2399 906 2459 inrita
929 2397 1020 2476 ligno.

281 2483 362 2543 Tunc
383 2483 505 2544 horrere
526 2501 628 2544 comae
647 2484 824 2563 sanguisque
845 2484 874 2544 in
895 2483 986 2545 corde
1006 2481 1111 2562 gelati.

279 2568 343 2629 lluc
364 2568 445 2628 ierus
466 2578 554 2648 atque
570 2568 641 2630 illuc
662 2570 785 2630 animum
806 2567 1004 2648 pallentiaque
1029 2568 1072 2628 ira
1225 2575 1277 2629 555

282 2652 339 2713 Ora
360 2653 475 2732 lenens,
499 2672 555 2714 nec
575 2662 654 2714 tanta
674 2662 756 2732 putat
776 2653 831 2714 sibi
853 2653 932 2716 bella
953 2653 1062 2733 parari.

280 2737 381 2798 ‘Ferte
401 2739 519 2815 gradum
537 2747 654 2816 contra,
677 2756 841 2819 campoque
861 2739 1004 2817 erumpite
1027 2745 1142 2816 aperto.

281 2821 353 2896 Quis
371 2823 455 2882 timor
476 2822 615 2898 audendi,
634 2839 710 2902 quac
731 2831 810 2885 tauta
831 2818 968 2902 ignavia?
989 2820 1089 2898 Solus,

283 2905 370 2966 Solus
385 2907 414 2965 in
429 2923 506 2965 arma
522 2910 623 2966 voco!
646 2905 750 2985 Neque
766 2908 796 2967 in
810 2906 855 2967 his
868 2923 963 2974 mora;
980 2921 1055 2985 quos
1069 2903 1119 2965 ubi
1134 2903 1246 2983 plures,

283 2990 376 3065 Quam
397 2997 492 3065 ratus,
515 2989 670 3049 innumeris
693 2989 773 3051 videt
792 3007 951 3053 excursare
974 2987 1105 3063 latebris,
1227 2999 1280 3053 550

282 3075 344 3135 llos
362 3073 481 3154 prodire
503 3074 595 3151 iugis,
618 3072 686 3134 illos
708 3091 726 3133 e
745 3073 871 3136 vallibus
890 3075 980 3136 imiss

283 3158 447 3236 Crescere,
470 3176 527 3219 nec
548 3175 660 3237 paucos
682 3174 804 3238 campo,
827 3167 977 3238 totumque
1002 3156 1056 3218 sub
1079 3159 1166 3220 armis

283 3243 442 3305 Gollncere
463 3244 536 3321 iter,
559 3252 590 3304 ut
612 3242 729 3304 clausas
749 3243 885 3322 indagine
906 3244 1020 3324 prolert

284 3329 317 3390 ln
338 3329 463 3389 medium
483 3347 543 3389 vox
563 3329 654 3409 prima
676 3328 773 3389 lenas:
797 3346 872 3409 quae
892 3328 956 3390 sola
974 3327 1108 3390 medendi

285 3412 411 3481 Turbata
431 3414 544 3474 ratione
566 3414 612 3475 via
633 3422 692 3483 est;
713 3415 786 3492 petit
807 3414 896 3478 ardue
918 3414 999 3476 duae
1228 3422 1280 3477 555

284 3497 431 3578 Sphingos
453 3507 484 3558 et
503 3498 642 3559 abscissis
664 3497 825 3576 infringens
846 3497 978 3561 cautibus
999 3516 1091 3560 uncas

281 3582 434 3662 Exuperat
455 3583 522 3661 iuga
543 3583 605 3645 dira
626 3601 743 3662 manus,
765 3584 950 3664 scopuloque
971 3584 1091 3663 potitus,

283 3667 368 3729 Unde
389 3667 492 3748 procul
515 3676 600 3746 tergo
622 3677 718 3730 metus
736 3677 767 3729 et
785 3671 833 3732 via
854 3685 946 3749 prona
966 3666 1103 3743 nocendi,

282 3754 389 3814 Saxum
410 3753 531 3831 ingens,
553 3752 632 3833 quod
652 3755 703 3816 vix
720 3753 811 3836 plenu
831 3755 955 3819 ceruice
973 3760 1135 3833 gementes
