3134 4434
274 392 333 456 120
607 404 639 454 a.
662 402 796 454 rsanm
816 402 931 455 annun

269 561 364 625 Vallis
385 561 414 622 in
434 560 567 642 amplexu
589 576 738 624 nemorum
758 560 991 641 aeden-hispida
1011 562 1133 627 circum

271 651 354 711 Stant
376 648 460 725 iuga,
484 656 514 709 et
534 648 668 709 obiectus
690 647 812 725 geminis
830 642 1001 708 umbonibus
1025 668 1132 728 agger
1241 668 1273 708 .·..

272 731 410 812 Campum
429 734 511 793 exire
531 741 630 809 vetat,
651 731 741 811 longo
764 748 850 810 quem
868 732 983 793 tramite
1001 733 1132 814 planum
1181 764 1184 769 ·

271 817 442 899 Gramineae
463 816 583 878 frondes
603 818 773 896 sinuataque
795 818 908 896 cespite
928 818 997 878 viro

270 901 370 964 llollia
391 918 449 961 non
471 900 573 962 subitis
594 910 701 979 augent
720 901 837 979 fastigia
859 901 951 962 clivis.
1230 918 1281 977 aaa
1339 964 1342 973 ,

331 985 398 1047 Illic
421 986 561 1064 conferti,
581 986 637 1047 iam
658 986 723 1049 sole
744 985 915 1069 rubentibus
937 988 1031 1065 arvis,

269 1069 411 1132 Bellatrix
433 1071 539 1131 sedere
561 1072 683 1140 cohors;
704 1068 745 1131 ihi
766 1071 999 1151 corporemixto

270 1154 366 1217 lletiri
387 1172 535 1216 nnmerum
555 1155 710 1237 nultnsque
732 1154 904 1235 habitusque
923 1172 1059 1234 suorum,

271 1240 366 1300 Dulce
383 1241 470 1318 viris,
492 1240 621 1321 tantique
641 1240 721 1301 iuvat
737 1240 842 1301 fiducia
863 1239 955 1301 belli.-

336 1323 457 1386 Centum
478 1324 518 1385 ihi
536 1327 701 1404 nigrantes,
723 1325 843 1386 armenti
862 1325 985 1402 robora,
1007 1333 1113 1389 tauros
1228 1340 1279 1397 265

271 1410 360 1471 Lenta
381 1409 459 1470 mole
481 1409 613 1486 trahunt,
636 1409 713 1471 idern
734 1426 930 1491 numerusque
952 1409 1097 1489 colorque

271 1494 412 1555 llatrihus
432 1503 462 1554 et
480 1492 605 1555 nondum
626 1495 729 1555 lunatis
749 1494 852 1555 fronte·
867 1496 1008 1556 iuvencis.

271 1578 346 1639 Exin
366 1580 574 1657 magnanimum
593 1580 686 1640 series
708 1578 823 1657 antiqua
846 1588 996 1658 parentum
1061 1616 1066 1621 -

271 1663 435 1740 Invehitur,
456 1665 536 1724 miris
557 1664 585 1723 in
606 1664 714 1724 vultum
737 1665 857 1724 animata
879 1664 989 1742 liguris.

332 1747 442 1807 Primus
462 1747 643 1809 anhelantem
664 1748 736 1808 duro
760 1747 924 1824 Tirynthius
947 1764 1057 1827 angens
1106 1824 1110 1831 Ι
1224 1760 1276 1818 πο

227 1908 229 1913 Ι
272 1832 403 1893 Pectoris
420 1833 516 1893 attritu
537 1850 588 1893 sua
610 1832 718 1911 frangit
737 1833 766 1893 in
785 1850 854 1893 ossa
873 1834 998 1897 leonem.

270 1915 352 1977 llaud
370 1915 449 1976 illum
467 1917 611 1996 inpavidi,
636 1919 766 1997 quamvis
787 1919 866 1978 etin
889 1936 975 1995 aere,
998 1936 1144 1998 suumque

270 2000 425 2062 Inachidae
447 2002 548 2063 videre
570 2003 675 2071 decus:
698 2011 783 2082 pater
801 2003 903 2064 ordine
924 2004 1021 2064 iuncto

269 2085 381 2147 Laevus
404 2087 578 2148 arundineae
599 2086 803 2167 recubansque
822 2087 880 2149 ‘sub
902 2106 1012 2166 aggere
1033 2088 1117 2167 ripae

271 2167 407 2231 Cernitur
427 2173 610 2253 emissaeque
631 2172 786 2251 indulgens
807 2171 929 2233 Inachus
950 2191 1049 2234 nrnae.
1221 2184 1276 2242 πὸ

269 2254 303 2315 lo
326 2265 394 2335 post
412 2266 541 2336 tergum,
560 2259 614 2318 iam
636 2274 744 2336 prona,
767 2257 912 2336 dolorque
930 2259 1060 2337 parentis
1347 2258 1351 2271 '

271 2341 393 2420 Spectat
411 2342 571 2402 inocciduis
593 2342 738 2402 stellatum
758 2342 869 2403 visibus
891 2341 1010 2420 Argum.

270 2423 327 2484 Aet
349 2424 426 2485 illam
447 2426 551 2486 melior
568 2425 679 2487 Hariis
696 2427 935 2489 erexerat-arvis.

270 2507 416 2588 luppiter,
439 2519 526 2589 atque
546 2508 657 2590 hospes
678 2512 734 2571 ianr
756 2519 825 2572 tunc
845 2511 961 2573 Aurora
983 2508 1111 2570 colebat.

230 2610 232 2613 ’
336 2591 473 2654 Tantalus
494 2594 560 2655 inde
582 2612 705 2674 parens,
731 2611 790 2656 non
812 2597 861 2676 qul
882 2594 1048 2657 fallentibus
1069 2595 1155 2657 undis
1218 2606 1275 2663 affl

270 2677 407 2755 Inminet,
431 2687 479 2739 aut
497 2680 620 2757 refugae
639 2679 776 2761 sterilem¹
789 2683 864 2761 rapit
883 2694 952 2741 aera
973 2680 1082 2754 silvae,

271 2762 332 2824 Sed
355 2764 420 2842 pius
443 2772 472 2824 et
489 2767 585 2843 magni
605 2765 720 2826 vehitur
742 2767 865 2826 conviva
887 2764 1033 2826 Tonantis.
1102 2837 1105 2841 Ι

270 2846 356 2908 Parte
378 2848 435 2909 alia
456 2851 551 2911 victor
574 2867 659 2911 curru
680 2848 828 2931 Neptunia
847 2849 943 2911 tendit

268 2930 344 2993 Lora
366 2933 492 3013 Pelops,
514 2943 689 3015 pressatque
711 2945 791 2996 rotas
813 2936 913 3013 auriga
926 2941 1067 2994 ·nutantes
1108 2970 1111 2975 -

269 3014 402 3093 Myrtilus
421 3027 450 3079 et
470 3020 583 3082 volucri
603 3022 658 3081 iarn
680 3021 795 3100 iamque
816 3018 987 3098 relinquitur
1005 3034 1071 3081 axe.
1129 3028 1133 3033 '
1220 3028 1275 3086 m

269 3099 308 3162 Et
328 3103 426 3180 grads
448 3103 578 3166 Acrisius
598 3105 775 3184 speciesque
797 3103 942 3165 horrenda
964 3100 1112 3164 chomani

269 3183 308 3245 Et
328 3186 429 3249 Danae
449 3189 566 3269 culpata
585 3191 680 3265 sinus,
703 3197 732 3249 et
756 3191 786 3249 in
809 3206 893 3251 amne
909 3197 1030 3269 reperto

271 3268 373 3331 Tristis
396 3272 575 3350 Amymone,
596 3286 747 3353 paruoque
768 3273 910 3351 Alcmena
928 3273 1060 3354 superbit

269 3353 414 3434 Hercule,
435 3359 595 3436 tergemina
617 3359 727 3419 crinem
746 3359 921 3421 circumdata
941 3358 1017 3420 luna.

331 3439 455 3520 Iungunt
471 3441 623 3503 discordes
645 3443 759 3504 inimica
780 3445 809 3505 in
828 3443 951 3505 loedera
969 3444 1088 3505 dextras
1219 3454 1275 3512 29⁰

268 3523 387 3586 Belidae
407 3526 603 3597 iratrestsed
620 3528 701 3588 vultu
720 3528 816 3589 mitior
836 3529 931 3590 adstat

269 3608 440 3690 Aegyptus,
460 3611 554 3673 Danai
574 3613 756 3674 manifestum
777 3616 941 3691 agnoscere
962 3612 1031 3673 licto

271 3690 330 3756 0re
348 3696 431 3757 nefas
453 3697 594 3778 pacisque
618 3698 711 3759 malae
734 3699 889 3778 noctisque
910 3696 1035 3758 futurae.
1142 3726 1158 3741 ·-
