3134 4434
322 451 362 513 68
447 480 453 489 ·
575 498 580 505 .
660 465 692 512 e.
709 460 843 512 aaaron
863 462 977 512 sanun

321 619 429 697 Mater,
451 631 481 681 et
500 630 623 680 'arcanos
642 619 727 680 ite‘rat
749 617 897 703 Cytherea
917 619 1057 699 llqu'oles.

387 705 467 766 Tuae
490 723 603 785 puerle
625 702 726 780 turba,
749 704 880 766 inanibus
902 707 950 784 qui
965 706 1048 766 'forte
1070 705 1180 785 supinis

320 788 428 850 Nobile
450 786 593 869 gemmato
617 790 769 868 speculum
792 799 959 869 portaverat
981 806 1063 866 auro,

322 875 404 936 ‘Hoo
426 893 541 955 quoque
554 868 684 953 bemus,
706 875 759 935 ait:
782 876 882 954 patriis
904 894 961 936 neo
982 876 1092 953 'gratius
1109 875 1199 936 ullum
1288 868 1336 939 95'

319 960 421 1020 blunus
440 962 495 1020 erit
510 956 634 1038 templis
649 961 773 1049 ipsoque
797 960 944 1038 potentius
966 962 1046 1020 au'ro.

320 1045 363 1105 Tu
381 1046 468 1105 modo
491 1040 661 1123 lige-aoie'm
684 1052 715 1104 et
733 1040 831 1104 vultus
853 1046 907 1106 bos
925 1048 1020 1125 usque
1042 1044 1199 1124 relinque?
1297 1056 1312 1085 '·

318 1133 369 1190 Sio
392 1132 430 1191 ait
452 1140 481 1190 et
504 1130 654 1209 speculum
672 1128 793 1189 reclusit
813 1128 938 1208 imagine¹
953 1130 1048 1208 'rapta

382 1214 422 1274 At
442 1234 515 1294 puer
537 1216 675 1292 egregias
693 1214 817 1274 tendens
841 1215 876 1275 ad
898 1215 994 1275 sidera
1015 1214 1137 1294 palmas,

305 1299 383 1378 “His
405 1301 472 1359 mibi
512 1316 545 1357 ro
568 1299 667 1375 donis,
689 1298 834 1358 hominum
855 1300 1004 1359 mitissime
1025 1308 1136 1375 eustos,
1267 1313 1319 1366 loo

319 1388 350 1446 Si
369 1318 584 1461 merui‚'bonga
604 1384 746 1445 dominum
766 1394 910 1444 renotare
932 1385 1049 1444 iuventa

319 1470 417 1548 Atque
442 1469 505 1529 orbi
528 1487 647 1530 servare
670 1467 760 1529 velis!
801 1467 865 1529 Hoo
887 1470 982 1530 sidera
1004 1478 1128 1545 mecum,

317 1555 382 1615 Hoo
403 1556 497 1635 umiae
518 1550 675 1634 terraeque
698 1563 819 1631 rogant:
853 1553 909 1614 Eat
918 1570 930 1631 ‚²
947 1548 1098 1632 'orog'per
1119 1572 1212 1614 annos

316 1639 423 1700 lliaoos
445 1632 602 1719 Pyliosque
622 1638 722 1715 simul,
746 1639 940 1719 propriosque
963 1646 1085 1718 penates

319 1722 449 1785 Gaudeat
471 1734 500 1784 et
521 1742 620 1797 seeum
642 1721 766 1802 Tarpeia
789 1724 949 1784 'senescere
967 1723 1099 1803 templa!
1268 1732 1316 1787 105

382 1811 432 1869 Sio
452 1811 490 1889 ait
513 1813 549 1869 et'
563 1811 656 1869 motas
678 1810 796 1869 miratur
817 1809 976 1888 Pergamos
1000 1825 1074 1870 aras.
1129 1814 1133 1827 ¹

542 1969 578 2018 V.
606 1966 658 2018 bo
691 1967 886 2019 CLAUDIAM
913 1969 1083 2020 UXOREM.

382 2060 457 2135 Quid
478 2061 545 2120 mihi
568 2072 680 2139 moesta
698 2062 761 2140 die,
783 2064 872 2124 sociis
895 2062 963 2143 quid
983 2063 1135 2139 noctibus,
1157 2082 1242 2143 uxor,

296 2147 411 2217 ,Anxia
432 2147 569 2225 pervigili
592 2148 673 2208 ducis
696 2150 821 2228 suspiria
842 2145 931 2209 o'ura?

316 2231 382 2291 Non
403 2240 517 2307 metuo,
539 2251 576 2292 ne
597 2232 677 2294 laesa
699 2234 773 2294 lides
791 2243 839 2294 aut
861 2238 983 2313 peoto're
1002 2235 1031 2292 iu
1052 2234 1108 2292 isto

317 2316 402 2378 Alter
421 2334 515 2384 amor;
538 2316 624 2377 nullis
643 2318 672 2377 in
693 2328 722 2379 te
749 2319 832 2379 datur
851 2321 894 2379 ire
915 2321 1037 2396 sagittis,
1057 2353 1099 2363 —
1295 2322 1321 2353 ”²

315 2402 422 2461 Audiat
442 2402 549 2461 infesto
568 2402 639 2462 lioet
658 2405 733 2463 baeo
754 2403 927 2464 Rhamnusia
948 2404 1040 2478 vultu,
1065 2437 1107 2448 —
1302 2412 1318 2464 5

315 2486 383 2563 Non
402 2485 494 2545 datur.
539 2484 576 2545 Et
599 2489 623 2546 si
646 2498 762 2566 egomet
785 2491 879 2568 patrio
902 2488 939 2549 de
958 2489 1044 2548 litore
1066 2495 1167 2565 raptus

317 2571 449 2645 Quatuor
470 2572 597 2630 emeritis
618 2590 673 2650 per
695 2572 792 2650 bella,
815 2593 870 2653 per
892 2580 1021 2653 aequora
1042 2571 1140 2631 lustris

316 2655 470 2731 bimarem,
489 2663 519 2714 tu
538 2656 617 2716 mille
637 2676 746 2736 procos
768 2661 874 2719 intacta
894 2657 1028 2736 fugarem

316 2740 383 2800 Non
405 2741 579 2800 intersectas
601 2753 762 2804 commenta
785 2752 921 2804 retexere
943 2743 1030 2819 telas,

317 2826 377 2887 Sed
398 2827 459 2884 sine
480 2825 583 2886 fraude
605 2828 715 2906 palam,
734 2828 936 2909 thalamosque
959 2835 1066 2889 armata
1085 2839 1239 2901 negasses.
1287 2835 1319 2888 1⁰

380 2910 435 2971 Dio
456 2920 569 2989 tamen,
592 2913 667 2973 unde
690 2913 748 2974 alta
769 2914 837 2974 mibi
858 2915 954 2974 fronte
980 2920 1009 2972 et
1026 2910 1124 2970 nubila
1141 2906 1261 2970 vultus?

317 2992 400 3056 Anne
423 2997 500 3076 quod
521 2994 671 3059 Euboicos
692 2999 790 3059 fessus
809 3017 942 3059 remeare
963 3002 1086 3077 penates

316 3082 454 3158 Auguror
477 3090 506 3141 et
528 3082 619 3159 patria
645 3084 754 3143 senium
775 3101 953 3162 componere
975 3078 1074 3143 terra?

319 3165 377 3225 Gur
400 3165 456 3224 boo
478 3167 560 3225 triste
581 3162 656 3226 tibi?
678 3167 767 3229 Certe
787 3169 909 3230 lascivia
931 3167 1012 3229 oordi

246 3274 249 3279 ·
317 3249 422 3325 Nulla,
446 3268 501 3309 neo
524 3260 571 3310 aut
592 3252 685 3333 rapidi
706 3255 834 3314 muleeat
854 3262 884 3313 te
906 3253 1021 3333 proelia
1044 3249 1133 3328 Circi,
1285 3264 1318 3317 15

318 3336 377 3394 Aut
396 3336 482 3393 intrat
505 3332 611 3394 sensus'
630 3336 749 3397 olamosi
772 3338 856 3399 turba
876 3339 998 3406 theatri;

319 3420 380 3481 Sed
397 3419 528 3497 probitas
547 3429 576 3480 et
592 3420 690 3500 ¹opaoa
708 3424 797 3502 quies'
814 3428 843 3483 et
863 3423 980 3484 sordida
1000 3440 1153 3500 numquam

320 3503 437 3565 Gaudia.
483 3503 562 3587 Quas
584 3500 678 3587 autem
699 3509 834 3568 comitem
853 3518 884 3568 te
908 3517 992 3587 rapto
1015 3526 1070 3587 per
1091 3505 1202 3567 undas?

319 3591 516 3669 Quamquam,
541 3598 570 3649 et
590 3588 615 3650 'si
638 3592 751 3671 gelidas
773 3595 846 3653 irem
868 3602 1019 3653 mansurus
1040 3593 1076 3653 ad
1097 3593 1204 3653 Arctos

318 3674 375 3735 Vel
399 3693 487 3754 super
504 3674 670 3761 ‘Hesperiae'
694 3676 942 3756 vada'oalig'antia
964 3677 1072 3738 Thales
1285 3688 1319 3739 20

310 3759 377 3817 Aut
390 3754 620 3838 septemgemini
639 3772 729 3844 capnt
748 3762 825 3826 h'aud
838 3762 1025 3845 penetrabile
1047 3762 1115 3840 Nili,
