3134 4434
613 459 815 509 THEBAIDOS
837 460 907 509 ΜΒ.
927 460 950 507 1.

283 615 418 676 Foedere
439 615 592 695 praecipiti
613 632 732 695 semper
752 632 845 675 novus
869 624 992 693 angeret
1012 615 1109 677 berea.
1135 628 1138 635 “

283 701 365 761 llaec
384 701 458 760 inter
479 701 585 761 fratres
606 702 701 781 pietas
723 709 802 777 erat,
824 700 899 761 haec
916 718 997 761 mora
1019 718 1134 780 pugnae

285 785 356 847 Sola
376 803 431 845 nec
452 786 480 845 in
498 803 600 863 regem
622 785 811 865 perduratura
829 784 996 847 secundnm.

345 869 383 930 Et
404 871 528 931 nondum
548 888 650 953 crasso
672 870 821 948 laquearia
843 870 916 932 fulta
937 869 1069 947 metallo,

213 1018 215 1023 ,
284 954 429 1015 Montibus
451 965 499 1016 ant
520 955 578 1014 alte
601 954 696 1016 Graiis
714 954 816 1017 ellnlta
833 955 962 1016 nitebant

284 1040 383 1117 Atria,
407 1049 566 1118 congestos
587 1041 658 1100 satis
681 1040 856 1120 explicitura
877 1041 1012 1101 clientes.

283 1124 350 1185 Non
371 1126 512 1204 inpacatis
534 1143 636 1204 regum
653 1124 838 1203 advigilantia
860 1126 968 1195 somnis

285 1209 363 1286 Pila,
383 1228 438 1269 nec
459 1209 570 1270 alterna
591 1210 662 1270 lerri
684 1208 814 1271 stationc’
828 1220 989 1288 gementes·

284 1292 451 1370 Excubiae,
472 1312 528 1354 nec
551 1313 619 1355 cura
638 1311 719 1354 mero
742 1298 922 1357 committere
944 1310 1075 1372 gemmas

285 1379 382 1458 Atque
405 1398 502 1440 anrnm
522 1379 633 1440 violare
655 1379 739 1456 cibis,
762 1381 815 1442 sed
837 1382 912 1442 nuda
934 1389 1066 1460 potestas

283 1464 415 1524 Armavit
436 1465 556 1525 iratres:
581 1483 677 1543 pugna
700 1474 745 1525 est
769 1465 805 1525 de
825 1483 956 1546 paupere
975 1481 1078 1542 regno.

284 1547 417 1628 Dumque
439 1558 503 1608 uter
522 1559 662 1626 angustae
686 1548 848 1629 squalentia
869 1551 970 1629 iugera
992 1550 1099 1609 Dirces

286 1634 424 1694 Verterat
447 1644 495 1694 ant
517 1633 596 1709 Tyrii
621 1635 697 1694 solio
720 1653 778 1694 non
800 1634 877 1695 altus
900 1645 1001 1697 ovaret

284 1717 404 1795 Exulis,
425 1718 592 1797 ambigitur3
615 1721 702 1798 periit
719 1722 763 1780 ius
783 1720 886 1799 fasque
909 1720 1090 1801 bonumque,

285 1803 324 1864 Et
345 1806 422 1863 vitae
444 1804 603 1882 mortisque
624 1804 728 1885 pudor.
773 1804 838 1879 Quo
862 1807 978 1867 tenditis
998 1807 1077 1867 iras?

287 1888 334 1948 Ab
353 1889 468 1948 miseri!
500 1888 575 1962 Quid
595 1891 620 1949 si
640 1898 792 1969 peteretur
813 1892 930 1953 crimine
953 1900 1032 1953 tanto

286 1974 382 2034 Limes
405 1983 529 2052 uterque
552 1972 630 2053 poli,
652 1993 739 2055 quem
760 1974 813 2035 Sol
836 1977 959 2036 emissus
981 1975 1047 2036 Eoo

287 2058 427 2134 Cardine,
451 2077 536 2137 quem
555 2068 649 2139 portu¹
663 2078 791 2137 vergens
811 2070 984 2140 prospectat
1004 2059 1105 2135 Ibero,

288 2142 425 2222 Quasque
446 2142 549 2221 procul
573 2153 667 2204 terras
689 2144 818 2223 obliquo·
834 2144 931 2205 sidere
952 2146 1044 2222 tangit
1245 2198 1272 2223 ,h

287 2228 378 2295 Avius
401 2238 448 2289 aut
468 2228 563 2288 Borea
583 2227 697 2304 gelidas
720 2228 864 2289 madidive
887 2238 1022 2308 tepentes
1235 2237 1286 2291 ltu
1342 2274 1344 2281 1

286 2313 357 2390 Igne
378 2309 467 2372 Noti?
512 2312 587 2386 Quid
608 2314 634 2372 si
657 2310 763 2391 Tyriae
783 2312 987 2392 Phrygiaeque
1010 2313 1063 2373 sub
1086 2331 1172 2373 unum
1206 2354 1213 2379 ,

288 2397 504 2458 Convectentnr
523 2395 619 2478 opes?
644 2398 711 2458 loca
730 2399 793 2471 dira
812 2416 956 2479 arcesque
977 2398 1120 2461 celandae
1216 2444 1239 2467 .,
1281 2422 1287 2459 .·

288 2483 440 2544 Sullecere
462 2484 548 2559 odio,
574 2482 718 2564 furtisque
738 2482 900 2557 inmanibus
921 2495 1047 2564 emptum
1069 2492 1114 2545 est
1165 2540 1168 2545 .
1224 2505 1287 2561 ’ῃ

289 2567 458 2646 Oedipodae
478 2569 591 2628 sedisse
615 2569 693 2628 loco.
731 2564 792 2652 lam
812 2579 894 2631 sorte
914 2568 1034 2647 carebat

288 2653 400 2713 Dilatus
422 2653 567 2729 Polynicis
589 2654 693 2713 honos.
740 2653 812 2732 Quis
835 2664 893 2717 tum
913 2655 981 2732 tibi,
1003 2673 1104 2731 saeve,
1230 2660 1289 2733 top

289 2738 361 2811 Quis
384 2720 513 2799 initDle¹
529 2739 608 2814 dies,
632 2734 733 2813 vacua¹
747 2759 832 2818 quum
853 2739 935 2801 solus
957 2741 986 2799 in
1004 2738 1070 2799 aula

288 2822 466 2901 Respiceres
490 2824 534 2883 ius
556 2841 640 2884 omne
661 2833 739 2885 tuum
761 2834 943 2904 cunctosque
963 2824 1103 2900 minores,

287 2908 325 2968 Et
342 2926 482 2986 nusquam
506 2926 559 2986 par
580 2906 810 2987 starecapnti
833 2908 893 2993 lam
914 2926 1057 2969 murmura
1079 2916 1200 2987 serpunt
1242 2960 1245 2965 .
1273 2936 1291 2967 ιι

288 2988 386 3052 Plebis
407 2991 583 3065 Echioniae,
604 2992 779 3073 tacitumque
802 3012 818 3054 a
840 2994 972 3073 principe
993 2992 1098 3070 vulgus

287 3076 433 3152 Dissidet,
454 3086 498 3151 et,
524 3078 573 3155 qui
594 3093 659 3157 mos
679 3077 818 3158 populis,
838 3087 977 3149 venturus
998 3087 1117 3145 amatur.
1235 3084 1287 3153 tid

352 3161 448 3241 Atque
471 3163 591 3242 aliquis,
615 3161 661 3222 cni
680 3181 761 3237 mens
784 3162 882 3225 humili
900 3162 1023 3223 laesisse
1045 3180 1159 3224 veneno

289 3249 419 3322 Summa,
441 3266 497 3307 nec
517 3242 813 3327 inpositos'umqnam
835 3247 1084 3323 cervicevolenti
1234 3280 1289 3323 „a

287 3331 379 3400 Ferre
400 3331 505 3392 duces:
529 3332 660 3393 ‘Hancne
679 3332 818 3413 Ogygiis,
843 3334 896 3411 ait,
922 3350 1029 3413 aspera
1052 3333 1141 3395 rebus

287 3414 358 3477 Fata
381 3418 476 3478 tulere
499 3415 615 3497 vicem?
642 3418 750 3479 totiens
772 3428 883 3481 mutare
905 3418 1062 3496 ¹timendos,

288 3502 472 3582 Alternoque
493 3504 562 3583 ingo
586 3502 743 3581 dubitantia
767 3503 893 3565 subdere
917 3501 1014 3565 colla?
1081 3548 1084 3552 -
1224 3510 1286 3565 2175

288 3586 387 3646 Partiti
405 3597 524 3647 versant
544 3584 719 3669 populorum
741 3590 816 3667 lata,
838 3607 981 3669 manuque
1235 3642 1238 3647 .
1274 3640 1281 3663 ,

287 3671 444 3732 Fortunam
466 3673 567 3732 iecere
589 3670 693 3737 levem.
733 3675 899 3757 'Semperne
921 3674 1048 3749 vicissim
1079 3732 1108 3747 ,¹
1162 3722 1165 3745 2

287 3756 431 3851 Ennlibus
454 3759 565 3849 serpire
585 3752 802 3845 dabo'piffl'tibi,
824 3759 1090 3843 enuntiandarum
1109 3806 1112 3811 -
1224 3774 1308 3825 -t-twss'
