3134 4434
314 472 373 537 186
661 487 693 534 r.
712 486 847 536 currum
869 486 984 536 suurn

313 644 462 706 Seditione
483 643 570 702 maris
591 644 783 722 nequicquam
805 643 939 705 obstante
959 646 1107 723 magistro

312 730 399 791 Errat
421 736 451 788 et
471 744 578 789 averso
598 729 674 788 redit
694 731 723 787 iu
743 731 869 806 vestigia
889 730 967 790 velo.

312 815 378 875 Non
395 812 435 873 ibi
456 812 593 873 Sidoniae
617 813 778 873 valuissent
800 814 913 892 pellere
938 824 1047 894 coepto

312 897 545 978 Hippomedonta
565 915 682 974 manus,
707 915 766 956 nou
786 899 866 958 illum
888 901 1003 979 inpacta
1024 912 1197 964 moverent
1287 915 1327 970 145

314 985 468 1044 Tormenta
489 983 671 1061 oppositum,
694 982 898 1061 formidatique
920 984 1059 1062 superbis

314 1068 453 1130 Turribus
472 1067 602 1146 inpulsus
623 1075 763 1146 temptato
785 1068 910 1128 umbone
931 1069 1089 1130 redissent.

314 1154 373 1215 Sed
394 1170 504 1213 memor
524 1150 618 1227 Elysii
636 1153 717 1228 regis
738 1169 890 1231 noxasque
912 1171 1076 1214 recensens

315 1238 434 1316 Tydeos
454 1240 483 1297 in
504 1237 616 1297 medios
638 1245 701 1296 astu
724 1236 802 1297 subit
822 1239 900 1316 inpia
922 1256 1043 1317 campos

314 1323 489 1403 Tisiphoue'3
511 1339 633 1382 sensere
653 1323 751 1397 acies,
771 1321 941 1402 subitusque
961 1325 1090 1383 cucurrit
1143 1399 1145 1403 Ι
1287 1340 1329 1392 lto

314 1409 411 1470 Sudor
430 1409 513 1486 equis
535 1406 682 1485 sudorque
700 1408 787 1483 viris,
812 1425 981 1487 quamquam
1002 1425 1056 1468 ore
1078 1412 1221 1472 remisso

313 1493 460 1554 Inachium
481 1491 609 1570 lingebat
627 1491 736 1568 Halyn,
759 1509 899 1570 nusquam
917 1493 1011 1571 inpius
1030 1494 1112 1571 ignis

314 1577 523 1657 verberaque,
546 1584 576 1636 et
592 1577 663 1635 iussi
682 1585 805 1636 tenuere
824 1577 938 1638 silentia
960 1579 1069 1639 crines.

314 1663 403 1723 Arma
423 1664 499 1740 gerit
517 1663 654 1740 iuxtaque
674 1661 730 1721 leri
751 1661 827 1721 latus
846 1662 1090 1741 Hippomedontis

314 1747 424 1809 Blanda
445 1764 536 1824 genas
557 1763 720 1824 vocemque
741 1747 838 1823 venit,
864 1756 961 1807 tamen
981 1747 1032 1807 ille
1053 1748 1221 1828 loquentis
1286 1762 1326 1814 155

314 1832 453 1893 Extimuit
474 1823 569 1890 uultus
591 1830 803 1910 admiraturque
825 1832 966 1892 timorem.

314 1916 370 1979 llle
391 1925 486 1976 autem
507 1915 659 1974 lacrimans
681 1915 742 1974 ‘Tu
763 1934 854 1993 nunc,
879 1918 933 1993 ait,
955 1917 1073 1994 inclite,
1098 1918 1222 1982 frustra

315 2002 471 2063 Exanimes
493 2002 592 2060 socios
612 2000 814 2081 inhumataque
839 2019 965 2080 corpora
983 2001 1099 2062 Graium
1124 2039 1172 2051 -

316 2088 438 2148 Scilicet
456 2088 480 2145 is
501 2084 585 2146 nobis
604 2094 714 2162 metus,
738 2095 786 2146 aut
808 2087 863 2146 iam
886 2104 955 2147 cura
975 2085 1131 2165 sepulcri?
1156 2125 1204 2138 -

315 2172 466 2250 Protegis3
490 2172 553 2249 ipse
574 2189 658 2230 mauu
677 2170 764 2247 Tyria
785 2170 837 2230 tibi
860 2181 960 2250 captus
978 2170 1125 2232 Adrastus
1283 2186 1326 2240 160

316 2257 471 2336 Raptatur,
493 2264 581 2334 teque
601 2265 666 2316 aute
688 2256 778 2332 alios,
801 2265 831 2315 te
852 2273 928 2316 voce
950 2273 1093 2334 manuque

316 2342 451 2417 Invocat,
474 2341 531 2401 heu
553 2340 668 2419 qualem
690 2341 806 2420 lapsare
828 2342 856 2399 iu
878 2343 1016 2418 sanguiue
1036 2341 1106 2417 vidi,

316 2427 440 2488 Exutum
462 2442 551 2486 canos
572 2425 672 2485 lacero
694 2424 855 2486 diademate
878 2425 987 2486 crines!

316 2512 380 2571 Nec
401 2510 505 2590 procul
527 2510 608 2586 hinc,
631 2509 751 2569 adverte
774 2511 895 2586 oculos,
916 2510 966 2569 ubi
988 2510 1131 2590 plurimus
1154 2514 1211 2575 ille

315 2596 432 2672 Pulvis,
454 2594 501 2653 ubi
522 2595 572 2654 ille
594 2593 724 2670 globus)
763 2594 880 2655 Paulum
904 2597 983 2655 stetit
1003 2595 1104 2655 auxius
1129 2596 1230 2660 heros
1282 2613 1324 2668 165

315 2679 509 2759 Librabatque
527 2688 635 2747 metus;
659 2679 764 2757 premit
782 2699 887 2758 aspera
903 2681 1003 2758 virgo:
1026 2678 1122 2752 ‘Quid
1140 2683 1281 2747 haeres?

316 2763 414 2826 lmus?
436 2783 471 2824 au
490 2764 519 2824 hi
540 2765 665 2825 retinent
685 2762 807 2824 manes?
828 2775 857 2825 ct
875 2765 961 2824 uilior
978 2765 1030 2824 ille

317 2849 373 2924 Qui
391 2848 566 2930 superesti’
598 2847 735 2909 llisernm
756 2850 845 2909 sociis
866 2867 955 2929 opus,
978 2858 1008 2909 et
1026 2867 1078 2909 sua
1097 2853 1225 2916 mandat

316 2935 448 3012 Proelia,
471 2945 501 2995 et
522 2935 644 2996 unanimi
666 2935 746 2995 vadit
767 2934 903 2995 desertor
924 2936 1018 3011 amici,

316 3020 492 3099 Respiciens
511 3030 607 3081 tamen
629 3029 658 3079 et
677 3029 820 3080 revocent
840 3021 865 3079 si
886 3020 962 3079 forte
985 3026 1112 3098 paratus.
1282 3037 1326 3092 lit

316 3103 387 3164 Inde
411 3104 515 3183 legens
536 3104 650 3166 turbata
670 3107 760 3164 trucis
784 3106 909 3182 vestigia
931 3104 1015 3164 divae

317 3188 381 3249 lluc
402 3189 473 3250 illuc
493 3190 598 3250 frustra
619 3190 791 3266 mitonins,
816 3191 893 3269 inpia
914 3189 1009 3249 donec

316 3272 453 3335 Eumenis
477 3293 515 3334 ex
535 3273 628 3334 oculis
649 3275 761 3334 reiecta
782 3275 899 3335 caerula
921 3291 1019 3353 parma

317 3357 418 3437 Fugit,
443 3368 473 3420 et
494 3360 633 3418 innumeri
652 3359 765 3436 galeam
786 3377 893 3438 rupere
912 3367 1055 3419 cerastae.

381 3443 516 3523 Adspicit
536 3443 637 3503 infelix
658 3445 790 3504 discussa
810 3444 886 3504 uubc
909 3446 1024 3524 quietos
1286 3465 1327 3522 175

317 3527 468 3589 Inachidas
491 3546 663 3607 currumque
684 3529 753 3588 nihil
777 3532 931 3588 metuentis
948 3528 1075 3588 Adrasti.

316 3613 354 3674 Et
373 3612 453 3690 l'yrii
474 3613 531 3673 iam
553 3630 661 3692 corpus
682 3613 807 3689 hahent,
828 3615 883 3673 iam
905 3614 1010 3690 gaudia
1029 3631 1158 3690 magnae

316 3697 471 3758 Testantur
489 3715 598 3774 voces,
621 3699 773 3777 victorque
795 3698 921 3758 ululatus
941 3698 1057 3757 aderrat

302 3781 438 3845 Auribus
461 3783 645 3868 occultoque
666 3783 737 3846 ierit
758 3783 939 3866 praecordia
949 3782 1046 3840 luctu„
