3134 4434
281 465 345 529 236
623 477 655 526 r.
674 476 808 526 aarmrr
829 476 951 527 suurn

281 635 384 714 Aeger
402 633 516 696 consilii
538 632 674 713 curisque
693 633 850 696 novissima
866 634 1018 714 volvens,

279 715 422 799 Coniugis
442 719 552 798 Argiae
575 718 675 779 lacera
698 737 762 780 eum
782 719 918 799 lampade
937 731 1103 785 moestam

280 804 432 884 Effigiem
454 836 497 852 -
518 813 583 864 sunt
601 813 729 865 monstra
750 804 853 882 deum,
876 805 921 864 sic
943 806 992 866 ire
1019 808 1169 888 parabat,

280 890 342 953 Has
362 890 455 951 latura
474 889 538 949 viro
559 887 662 950 taedas
683 898 762 966 erat,
785 921 828 936 -
849 907 923 967 ergo
946 895 1093 971 roganti,

282 973 366 1050 Quae
388 975 436 1034 ria
458 975 559 1053 quisve
581 972 683 1049 dolor,
707 991 760 1034 cur
780 982 894 1034 moesta
911 974 1070 1056 insignia,
1096 988 1211 1042 tantum
1251 988 1280 1042 lli

204 1082 212 1094 ·
282 1059 436 1135 moverat,
459 1066 546 1136 atque
568 1075 652 1117 manu
673 1058 790 1118 timidos
811 1067 958 1119 averterat
982 1062 1093 1139 ignes.

283 1145 347 1208 Scit
367 1151 493 1204 mentem
513 1142 623 1202 vidisse
643 1143 743 1212 neiaa;
767 1145 874 1204 etenim
894 1144 972 1204 unde
998 1145 1152 1224 Mycenis

282 1229 409 1292 Adforet
428 1237 458 1289 et
478 1226 585 1287 vallum
607 1228 713 1288 coniux
732 1229 850 1308 inopina
872 1226 1014 1291 subiret?

283 1315 345 1377 Sed
364 1313 416 1375 lati
436 1313 561 1372 monitus
581 1313 734 1392 vicinaque
752 1313 856 1374 lunera
878 1315 977 1390 sentit,

283 1400 330 1461 ho
349 1398 458 1459 sentire
478 1396 573 1468 timet;
596 1415 682 1476 quum
702 1414 775 1458 vero
796 1397 973 1458 Acherontis
999 1404 1110 1482 operti
1251 1414 1281 1468 lit

283 1484 359 1546 Diva
376 1492 423 1544 ter
444 1481 560 1543 admoto
582 1483 677 1560 tetigit
697 1482 820 1544 thoraca
840 1482 972 1560 flagello,

283 1567 377 1630 Ardet
397 1568 484 1647 inops
505 1568 607 1644 animi,
628 1584 685 1627 nec
706 1576 765 1628 tarn
787 1568 941 1628 considere
964 1585 1082 1649 regno,

285 1652 378 1729 Quam
399 1652 513 1729 scelus,
535 1662 566 1713 et
586 1653 708 1713 caedem
728 1661 758 1713 et
774 1651 905 1731 perfossi
923 1652 953 1712 in
975 1657 1136 1734 sanguine
1159 1659 1250 1721 fratris

284 1737 428 1818 Expirare
451 1738 546 1817 cupit,
568 1736 739 1817 subitusque
758 1737 863 1798 affatur
878 1731 1059 1801 Adrastum:

347 1823 439 1882 ‘Sera
457 1820 573 1900 quidem
591 1829 739 1882 extremus
758 1822 869 1883 socium
886 1823 1048 1902 gentisque
1071 1838 1235 1907 superstes
1251 1835 1280 1892 lit

285 1905 446 1985 Argolicae
470 1905 617 1980 consulta,
639 1915 739 1986 pater,
759 1909 817 1968 iam
837 1907 925 1967 rebus
945 1907 975 1967 in
992 1911 1092 1971 arctis

284 1991 467 2072 Aggrediom
491 1999 560 2053 tunc
580 2000 694 2070 tempus
715 2000 797 2069 erat,
824 2010 910 2071 quum
930 1995 1057 2069 sanguis
1078 1995 1231 2061 Achivum

284 2077 420 2155 Integer,
442 2076 486 2137 ire
502 2076 580 2137 ultro
602 2078 780 2157 primamque
803 2094 963 2156 capessere
983 2094 1140 2160 pugnarn,

285 2162 353 2223 Non
372 2161 468 2242 plebis
489 2160 609 2222 Danaae
631 2160 734 2221 liorem
752 2179 913 2240 regumque
933 2163 1090 2226 verendas

287 2246 445 2308 Obiectare
462 2246 587 2322 animas,
609 2254 641 2305 ut
661 2245 847 2306 lamentabile
869 2245 954 2307 tantis
1253 2260 1283 2315 le

285 2330 413 2392 Urbibus
433 2330 583 2390 induerem
605 2331 692 2409 capiti
714 2331 820 2398 decus;
842 2348 947 2410 aspera
968 2333 1095 2411 quando

285 2416 440 2494 Praecepit
461 2416 569 2484 virtus;
593 2432 669 2475 nune
691 2415 794 2476 saltem
816 2416 975 2476 exsolvere
995 2417 1044 2478 las
1072 2420 1125 2496 sit,

287 2499 371 2575 Quae
391 2501 497 2569 merui;
521 2501 580 2559 scis
599 2517 739 2578 namque,
762 2517 866 2577 socer,
889 2501 959 2561 licet
981 2501 1044 2564 alta
1064 2507 1224 2569 recondas

286 2584 416 2645 Vulnera
437 2592 466 2643 et
488 2584 625 2644 alhictum
642 2586 747 2663 generi
765 2603 889 2645 vereare
909 2585 1073 2664 pudorem;

286 2667 341 2731 lile
363 2685 421 2746 ego
443 2687 521 2745 sum,
550 2668 598 2747 qui
616 2679 646 2730 te
669 2687 773 2749 paoem
795 2679 825 2731 et
847 2672 894 2750 pia
912 2672 975 2731 iura
996 2684 1169 2750 regentem
1253 2684 1284 2743 lli

286 2753 392 2817 lnlelix
411 2755 636 2833 -utinamque
658 2755 722 2814 aliis
741 2754 825 2816 datus
846 2754 965 2815 urbibus
987 2754 1110 2837 hospes
1131 2764 1193 2825 -‹!

286 2839 443 2900 Extorrem
461 2839 554 2919 patria
575 2857 728 2918 regnoque
746 2862 803 2909 ——3
825 2839 878 2899 sed
900 2841 986 2918 exige
1008 2845 1140 2906 tandem

287 2924 482 3005 Supplicium
505 2924 624 2985 fratrem
646 2942 780 3003 suprema
800 2926 828 2984 in
847 2924 927 2985 bella
948 2957 991 2972 -
1012 2929 1088 3004 quid
1113 2931 1245 2994 horres?

288 3010 446 3071 Decretum
468 3016 513 3070 est
532 3010 678 3089 fixumque
696 3041 739 3056 -
758 3025 851 3079 voco;
875 3009 984 3070 desiste
1003 3017 1136 3091 morari,

287 3093 352 3154 Nec
370 3095 493 3173 poteris.
532 3092 598 3154 Non
621 3096 646 3155 si
668 3103 729 3155 atra
750 3111 856 3173 parens
875 3095 1065 3174 miseraeque
1088 3118 1223 3164 sorores
1255 3109 1288 3167 lit

287 3178 321 3239 ln
339 3179 435 3240 media
453 3197 531 3240 arma
549 3177 668 3256 cadant,
688 3196 746 3238 non
764 3179 790 3238 si
807 3179 873 3258 ipsa
892 3178 927 3240 ad
950 3177 1031 3240 bella
1052 3189 1162 3248 ruenti

290 3263 394 3324 Obstet
415 3272 445 3323 et
467 3265 611 3325 extinctos
631 3264 738 3342 galeae
759 3272 842 3343 pater
863 3265 977 3341 ingerat
999 3263 1112 3347 orbes,

287 3349 440 3411 Delicium.
477 3348 561 3410 Anne
581 3348 679 3411 bibam
698 3357 834 3428 superest
853 3347 1061 3428 quodcumque
1090 3359 1216 3419 cruoris

288 3430 419 3495 Inachii?
444 3441 473 3492 et
492 3436 601 3495 vestris
620 3436 772 3495 etiamnum
792 3434 931 3494 mortibus
952 3430 1039 3494 utar?

288 3518 355 3579 Vidi
377 3525 495 3595 egomet
516 3527 638 3597 propter
658 3527 760 3598 ruptos
780 3519 893 3579 telluris
914 3518 1021 3596 hiatus,
1257 3533 1288 3593 lit

288 3600 353 3662 Nec
374 3602 463 3672 subii;
485 3602 545 3662 vidi
563 3604 724 3663 exanimum
743 3603 861 3682 fecique
882 3611 1049 3665 nocentem

289 3685 404 3763 'ludam
425 3705 471 3746 me
492 3686 593 3764 Tegee
612 3705 714 3765 regem
730 3687 878 3748 indelessa
895 3689 1041 3766 reposcit,

291 3769 426 3850 0rbaque
447 3770 606 3833 Parrhasiis
627 3771 718 3832 ululat
738 3772 806 3833 mihi
824 3781 917 3834 mater
936 3773 966 3832 in
989 3778 1098 3840 antris.
