3134 4434
597 465 797 514 THEBAIDOS
820 466 889 514 LIB.
909 465 971 512 ΧΠ.

239 618 257 680 h
280 621 344 681 Aut
364 621 472 681 Danais
494 622 577 682 edice
599 639 689 698 rogos
712 631 759 682 aut
781 621 894 701 proelia
917 620 1048 680 Thebis!

242 704 256 765 fr
349 707 398 765 Sic
419 707 458 765 ait
479 706 587 766 oblitus
608 707 738 785 bellique
759 709 883 784 viaeque
905 706 1046 781 laborum,

239 798 253 853 ι’
281 790 480 868 Hortaturqne
501 809 570 850 suos
590 794 728 871 viresque
750 794 888 851 instaurat
908 790 1036 850 anhelas.

239 899 249 939 s
283 875 325 936 Ut
343 875 431 955 modo
450 875 580 935 conubiis
602 885 716 951 taurus,
739 877 872 954 saltuque
893 885 1026 954 recepto,

283 959 380 1033 Quum
402 962 498 1037 posuit
519 979 647 1039 pugnas,
671 962 728 1020 alio
753 963 777 1020 si
799 961 875 1020 lorte
894 962 1017 1038 remugit

240 1074 244 1092 .
282 1044 436 1106 Bellatore
458 1064 575 1120 nemus,
598 1064 768 1125 quamquam
791 1062 843 1104 ora
865 1054 895 1104 et
918 1045 993 1104 colla
1017 1055 1137 1105 cruento

281 1128 382 1190 Imbro
402 1129 532 1205 madent,
559 1149 651 1190 novus
671 1149 748 1191 arma
774 1138 857 1208 parat
880 1147 1069 1209 campumque
1090 1131 1240 1190 lacessens

239 1270 245 1281 ,
282 1214 454 1274 Dissimulet
475 1216 597 1292 gemitus
621 1224 650 1274 et
674 1215 794 1275 vulnera
814 1214 936 1293 pulvere
959 1215 1044 1275 celat.
1232 1226 1284 1280 605

239 1328 247 1369 ι
283 1298 354 1377 lpsa
373 1306 467 1358 metus
487 1299 613 1375 Libycos
631 1302 878 1377 servatricemque
899 1298 1047 1359 Medusam

283 1383 419 1451 Pectoris
437 1385 552 1444 incussa
571 1387 661 1445 movit
681 1384 808 1445 Tritonia
828 1402 936 1463 parma.

284 1468 421 1529 Protinus
442 1471 532 1528 erecti
552 1479 615 1529 toto
635 1470 718 1529 simul
741 1471 854 1546 agmine
872 1468 989 1530 'l'hebas

284 1552 461 1631 Respexere
480 1572 606 1630 angues:
630 1555 752 1614 necdum
770 1554 884 1614 Atticus
906 1555 949 1613 ire
970 1553 1088 1633 parabat

285 1637 389 1714 nunes,
415 1647 445 1697 et
466 1638 568 1698 infelix
588 1641 705 1718 expavit
724 1639 848 1698 classica
869 1638 967 1699 Dirce.
1234 1650 1288 1706 610

353 1721 495 1783 Continuo
518 1725 546 1783 in
569 1742 681 1802 pugnas
700 1724 775 1783 haud
797 1723 890 1784 solum
912 1741 1036 1784 accensa
1058 1724 1200 1801 iuventus,

287 1807 346 1881 Qui
365 1809 451 1868 modo
473 1806 613 1870 Caucasei
636 1810 758 1869 comites
779 1810 895 1869 rediere
914 1807 1063 1886 triumphi;

288 1891 388 1952 Omnis
411 1893 447 1953 ad
468 1911 545 1952 arma
566 1895 654 1954 rudes
677 1913 749 1972 ager
768 1894 946 1954 extimulavit
967 1893 1107 1952 alumnos.

288 1974 471 2036 Conveniunt
492 1978 628 2056 ultroque
649 1979 730 2038 ducis
750 1978 858 2038 vexilla
879 1986 1046 2056 sequnntur,

289 2060 347 2133 Qui
365 2061 493 2139 gelidum
511 2062 658 2122 Braurona
678 2064 750 2137 viri,
773 2065 822 2142 qui
843 2080 908 2121 rura
930 2062 1077 2122 lacessunt
1236 2074 1287 2129 615

288 2145 434 2206 Munichia
453 2156 482 2207 et
500 2148 622 2224 trepidis
641 2147 775 2207 stabilem
796 2147 926 2221 Pyraeea
946 2147 1038 2206 nautis

288 2229 328 2290 Et
349 2231 472 2291 nondum
489 2229 554 2290 Εοο
573 2231 681 2291 clarum
700 2231 868 2292 Marathona
889 2231 1042 2308 triumpho.
1080 2254 1084 2261 ¹

289 2314 377 2375 Mittit
400 2317 428 2374 in
450 2334 527 2375 arma
549 2334 648 2376 manus
672 2315 834 2394 genialibus
857 2316 971 2394 hospita
990 2315 1063 2375 divis

290 2399 376 2460 Icarii
397 2399 539 2478 Celeique
559 2402 676 2476 domus,
698 2402 864 2480 viridesque
882 2400 1033 2460 Melaenae

291 2484 383 2544 Dives
404 2494 433 2544 et
451 2484 581 2562 Egaleos
599 2504 748 2547 nemorum
768 2486 936 2565 Parnesque
954 2486 1097 2562 benignus
1238 2495 1290 2549 620

292 2570 407 2630 vitibus
429 2579 458 2630 et
478 2572 577 2649 pingui
598 2572 702 2631 melior
719 2570 904 2647 Lycabessos
923 2571 1009 2630 oliva.

292 2654 380 2714 Venit
401 2664 485 2715 atrox
502 2655 581 2716 llens
600 2666 630 2716 et
649 2657 755 2716 olentis
774 2665 872 2716 arator
886 2654 1023 2732 Hymetti,

294 2738 436 2817 Quaeque
455 2739 541 2800 rudes
561 2741 679 2816 thyrsos
696 2741 814 2801 hederis
835 2742 982 2814 vestistis,
1005 2739 1167 2799 Acharnae.

293 2822 441 2900 Linquitur
461 2822 532 2883 Eois
551 2825 639 2901 longe
661 2825 844 2903 speculabile
864 2827 961 2903 proris

295 2909 418 2982 Sunion,
441 2907 516 2967 unde
537 2912 605 2986 vagi
627 2928 758 2970 casurum
780 2910 808 2968 in
831 2912 943 2968 nomina
965 2909 1046 2987 ponti
1239 2917 1290 2973 625

295 2991 413 3052 Cressia
436 2992 554 3071 decepit
573 2994 649 3054 falso
669 2995 740 3054 ratis
759 2994 863 3071 Aegea
881 2994 958 3054 velo.

294 3077 356 3136 Hos
377 3077 499 3137 Salamis
520 3079 664 3158 populos,
687 3079 755 3138 illos
776 3077 908 3139 Cerealis
928 3078 1048 3138 Eleusin

295 3162 418 3223 Horrida
438 3165 587 3240 suspensis
606 3164 642 3224 ad
663 3163 775 3242 proelia
794 3165 869 3223 misit
889 3165 1002 3238 aratris,

294 3247 333 3307 Et
352 3265 425 3326 quos
444 3246 591 3307 Callirhoe
614 3251 717 3308 novies
735 3249 897 3308 errantibus
919 3249 1003 3308 nndis

295 3331 433 3410 inplicat,
458 3342 487 3392 et
504 3342 604 3411 raptae
623 3335 672 3412 qui
691 3335 827 3394 conscius
845 3332 983 3410 Orythiae

297 3415 411 3476 Celavit
428 3417 547 3478 Geticos
569 3420 640 3497 ripis
659 3418 761 3478 llissos
782 3436 906 3479 amores

295 3500 364 3578 lpse
383 3519 499 3581 quoque
520 3504 548 3560 in
570 3520 681 3581 pugnas
699 3513 838 3564 vacuatur
856 3505 958 3580 collis,
982 3504 1029 3564 ubi
1046 3508 1149 3583 ingens

242 3615 245 3622 ·
296 3585 344 3644 Lis
363 3605 517 3664 superum,
539 3588 633 3649 dubiis
654 3589 748 3649 donec
767 3606 842 3649 nova
863 3599 997 3666 surgeret
1016 3591 1103 3650 arbor

296 3669 427 3747 Rupibus
447 3680 476 3730 et
496 3671 584 3749 longa
605 3674 738 3751 refugum
758 3692 838 3734 mare
857 3674 1005 3752 frangeret
1020 3675 1135 3734 umbra.

296 3755 372 3817 lsset
391 3765 421 3816 et
440 3756 566 3819 Arctoas
585 3756 712 3822 Caduca
731 3758 769 3823 ad
786 3761 909 3822 moenia
925 3761 1046 3822 ducens
1277 3752 1341 3799 ᾖ
