3134 4434
306 435 365 498 180
640 449 672 498 r.
695 449 829 497 enarum
851 449 967 499 suurn

304 607 364 668 lam
387 623 474 666 cruor
495 599 649 682 in‘galea,
670 606 726 666 lam
748 608 846 668 saucia
866 608 974 687 proluit
993 618 1058 668 ater

302 693 427 753 Pectora
449 692 609 769 permixtus
627 690 734 751 sudore
756 701 786 751 et
807 695 947 770 sanguine
969 702 1100 754 torrens.

369 776 501 856 Respicit
522 776 672 836 hortantes
693 779 794 836 socios
816 786 845 837 et
864 777 979 838 Pallada
999 779 1100 856 fidam,

302 860 429 938 Longius
449 863 586 940 opposita
607 860 750 922 celantem
771 863 877 923 lumina
897 881 1012 942 parma:
1275 876 1317 930 715

302 946 367 1007 Ibat
389 949 463 1006 enim
484 964 617 1023 magnum
639 945 765 1007 lacrimis
786 947 938 1007 inflectere
959 957 1086 1027 patrem.

301 1030 383 1091 Ecce
407 1040 488 1116 secat
510 1030 663 1111 Zephyros
685 1034 832 1109 ingentem
853 1033 982 1092 lraxinus
1002 1035 1076 1092 iram

302 1115 516 1194 Fortunamque
537 1117 652 1192 ferens,
673 1117 725 1176 teli
746 1135 804 1176 non
827 1119 933 1178 eminet
955 1126 1068 1178 auctor.

303 1202 458 1262 Astacides
480 1199 663 1280 llenalippus
683 1212 763 1278 erat,
782 1220 838 1262 nec
856 1203 983 1281 prodidit
1000 1204 1080 1281 ipse,

302 1286 341 1347 Et
363 1287 453 1347 vellet
474 1286 594 1346 latuisse
615 1304 742 1363 manum,
766 1287 820 1347 sed
839 1288 944 1364 gandia
964 1297 1078 1347 turmae
1276 1305 1317 1359 roo

303 1370 503 1432 Monstrabant
526 1371 678 1450 trepidum.
721 1371 794 1431 Nam
816 1371 910 1432 ilexus
932 1374 959 1432 in
978 1372 1027 1432 ilia
1047 1371 1182 1448 Tydeus

304 1457 482 1519 Submissum
504 1455 580 1515 latos
602 1464 632 1515 et
653 1457 741 1536 clipei
762 1457 913 1517 laxaverat
934 1457 1045 1516 orbem.

305 1540 471 1603 Clamorem
493 1539 580 1600 Aonii
600 1542 723 1602 miscent
741 1543 936 1621 gemitumque
958 1540 1089 1619 Pelasgi,

304 1627 517 1704 obiectantque
538 1644 638 1685 manus
658 1626 911 1706 indignantemque
928 1635 1052 1686 tuentur.

304 1712 360 1772 llle
381 1729 435 1790 per
458 1713 611 1790 oppositos
634 1711 723 1788 longe
744 1711 863 1771 rimatus
883 1729 1009 1772 amarum

306 1795 483 1871 Astaciden,
504 1797 574 1854 totis
596 1795 707 1855 animae
730 1814 763 1855 se
786 1797 912 1873 cogitio
934 1798 1021 1856 ictum

304 1879 460 1958 lielliquiis
481 1880 628 1958 telumque
649 1880 727 1955 iacit,
750 1880 829 1958 qnod
845 1882 993 1960 proximus
1006 1879 1147 1959 Hopleus

303 1964 499 2026 Praebuerat:
521 1966 597 2043 perit
618 1983 778 2043 expressus
796 1967 945 2035 conamine
967 1967 1097 2042 sangnis.

367 2048 448 2109 Tunc
469 2051 566 2110 tristes
586 2051 659 2110 socii
679 2051 813 2129 cupidum
834 2042 947 2110 liellare
968 2085 1009 2095 —
1032 2052 1097 2128 quis
1121 2055 1242 2117 ardor!
1266 2092 1304 2104 -

303 2134 343 2196 Et
363 2144 534 2214 poscentem
553 2134 651 2195 hastas
672 2134 826 2215 mediaque
852 2136 881 2194 in
899 2144 992 2195 morte
1011 2146 1178 2212 negantem
1271 2151 1314 2206 731

304 2220 450 2299 Expirare
470 2220 600 2299 trahunt,
622 2221 780 2298 summique
800 2222 828 2279 in
849 2222 977 2297 margine
1001 2223 1097 2300 campi

304 2304 443 2366 Effultum
470 2306 584 2382 gemina
605 2305 695 2364 latera
713 2305 879 2366 inclinantia
900 2322 999 2384 parma

305 2389 434 2465 Ponant,
454 2407 489 2449 ac
511 2391 591 2449 saevi
612 2390 769 2450 rediturum
792 2390 828 2450 ad
847 2390 962 2471 proelia
983 2387 1083 2449 Martis

306 2475 477 2535 Promittant
497 2473 611 2534 [lentes.
655 2473 714 2533 Sed
735 2477 847 2554 etipse
869 2475 1015 2535 recedere
1034 2476 1158 2538 coelum

305 2560 503 2638 lugentesque
525 2559 635 2618 animos
658 2568 790 2618 extremo
809 2559 920 2637 frigore
942 2559 1001 2619 labi
1269 2575 1311 2630 735

306 2645 420 2719 Sensit,
441 2651 471 2702 et
492 2645 604 2702 innixus
625 2652 723 2702 terrae
742 2643 959 2721 ‘Miserescite,
983 2643 1109 2718 clamat,-

305 2727 478 2810 lnachidae:
501 2746 559 2787 non
581 2745 648 2789 ossa
666 2746 776 2808 precor
795 2730 958 2789 referantur
977 2739 1008 2789 ut
1027 2728 1141 2806 Argos,

305 2813 481 2875 Aetolumve
503 2813 609 2883 larem;
632 2831 689 2873 nec
709 2815 783 2873 enim
806 2813 873 2874 mihi
895 2832 964 2873 cura
985 2816 1112 2893 supremi
1202 2821 1204 2824 ’

305 2898 443 2966 Funeris;
468 2901 515 2960 odi
537 2908 615 2959 artus
636 2898 829 2979 fragilemque
851 2899 927 2959 hunc
949 2899 1083 2978 corporis
1106 2919 1197 2962 usum

306 2984 498 3044 Desertorem
520 2986 614 3044 animi.
656 2981 767 3063 Caput,
792 3002 810 3043 o
834 2994 936 3063 caput,
958 3001 975 3043 o
997 2983 1065 3043 mihi
1087 2986 1111 3042 si
1135 2992 1206 3068 quis
1267 3001 1309 3056 tlt

308 3067 468 3147 Apportet,
490 3068 673 3147 Menalippe,
696 3069 787 3129 tuum!
809 3087 873 3128 narn
894 3069 1024 3129 volveris
1044 3071 1135 3147 arvis,

306 3152 378 3214 Fido
397 3155 546 3233 equidem,
571 3172 627 3213 nec
647 3171 693 3212 me
710 3155 801 3213 virtus
824 3172 959 3233 suprema
978 3153 1094 3214 fefellit.

307 3238 338 3312 l,
361 3256 484 3317 precor,
506 3237 589 3298 Atrei
609 3240 634 3298 si
655 3239 722 3317 quid
739 3238 791 3299 tibi
813 3241 958 3315 sanguinis
977 3257 1122 3317 umquam,

308 3323 528 3403 Hippomedon;
548 3323 640 3399 vade,
664 3340 681 3382 o
703 3325 803 3402 primis
824 3342 897 3402 puer
917 3324 1016 3384 inclite
1037 3324 1128 3384 bellis

308 3407 402 3469 Arcas
426 3418 455 3468 et
476 3408 635 3485 Argolicae
659 3407 796 3487 Capaneu
815 3410 871 3469 iam
888 3411 1012 3469 maxime
1034 3418 1177 3472 turmae?
1269 3428 1309 3483 745

372 3493 443 3552 llloti
465 3510 581 3568 omnes,
604 3492 656 3551 sed
679 3495 787 3571 primns
810 3493 868 3554 abit
888 3495 1056 3575 primusque
1079 3513 1242 3576 repertum

308 3577 468 3638 Astaciden
487 3577 581 3636 medio
602 3575 755 3655 Capaneus
777 3596 794 3637 e
816 3579 937 3657 pulvere
958 3579 1035 3639 tollit

309 3664 487 3742 Spirantem,
510 3661 652 3740 laevaque
674 3680 763 3742 snper
786 3665 902 3723 cervice
924 3673 1064 3743 reportat,

308 3747 403 3828 Perga
426 3755 627 3812 cruentantem
648 3749 786 3810 concussi
802 3748 932 3810 uulneris
951 3750 1042 3810 unda:
