3134 4434
678 467 888 529 recurrero.
1246 470 1283 535 rr

280 651 335 691 nox
357 633 458 701 (mox)
478 630 540 689 citet
561 635 587 685 et
606 629 706 701 nimos.
718 631 869 692 mutonta,·
898 628 962 685 Par.
982 622 1010 685 et
1027 626 1121 700 niproo
1138 629 1283 707 imitando,

280 720 352 775 idem
365 718 437 773 edit.
451 732 506 788 pn,
521 730 595 785 quae
608 716 696 770 verba
706 702 816 790 ρόγχον
830 713 982 791 designare
993 712 1125 769 videntur
1137 720 1173 783 ct,
1186 730 1283 785 quent·

280 805 321 860 vis
338 804 443 872 aliqua
458 804 588 871 exparte
606 797 789 870 displiceant,
813 814 870 853 non
889 796 1030 853 elicienda
1049 804 1123 857 aunt.
1158 797 1282 861 Senensi,

279 895 332 943 tota
347 887 401 941 tibi
417 886 501 956 quies
518 889 578 948 est,
600 898 635 937 ne
655 898 799 938 murmura
812 881 929 953 quidem
943 880 1107 949 audientum
1130 899 1189 939 nox
1207 885 1280 953 silet,

280 973 362 1028 silent
376 982 525 1025 murmura
546 967 682 1023 imitantia
702 983 730 1023 n.
746 984 771 1023 s.
792 964 948 1039 Peyraredi
970 965 1055 1037 igitur
1075 967 1283 1035 emendatione,

280 1072 363 1127 quam
380 1053 512 1109 Handius
528 1052 558 1107 in
573 1054 681 1105 textum
696 1050 821 1121 recepit,
834 1066 892 1105 non
906 1066 979 1122 opus
991 1055 1042 1107 est.
1068 1053 1113 1109 45.
1127 1051 1205 1107 Vrat
1220 1054 1283 1109 Por.

280 1142 341 1195 par,
353 1151 476 1210 quaque.
497 1140 541 1197 56.
554 1136 590 1193 ct.
599 1135 638 1192 ad
647 1135 701 1193 int.
713 1134 912 1206 Doettingium,
925 1134 1283 1208 quimavuttcuderentqne.

280 1228 321 1282 62.
340 1224 420 1278 Vtut.
437 1223 552 1293 tynam
572 1220 654 1279 iocus
670 1225 715 1285 ttt
737 1218 934 1284 difficillimum
956 1220 1059 1275 multae
1074 1220 1248 1275 coniecturas
1266 1237 1284 1276 n

281 1308 351 1363 viris
375 1305 467 1362 doctis
489 1303 1012 1376 propositosdiandius.enumeravit.
1053 1302 1114 1359 Nos
1140 1304 1284 1376 vuigotom

282 1392 461 1461 recepimus,
477 1387 561 1460 quod·
573 1389 656 1453 ctiam
671 1386 848 1458 Doettingius
863 1388 943 1458 tecit,
956 1386 1005 1458 qui
1015 1385 1063 1443 tibi
1076 1404 1139 1443 cum
1150 1388 1285 1461 eleemos

282 1481 308 1530 et
322 1475 413 1530 demet
427 1489 492 1531 cum
513 1467 841 1547 tpnm.(sc‚.-‚=domino)
859 1471 992 1543 coniungi
1010 1472 1071 1527 vult
1091 1477 1120 1526 et
1139 1473 1228 1529 demet
1247 1472 1285 1531 si·

285 1558 422 1631 gnificare
443 1555 564 1613 attinnat
582 1555 737 1626 mnodo,
757 1570 814 1617 noo
830 1556 1007 1627 computabit,
1029 1554 1149 1613 donant
1177 1556 1282 1615 Votetr·

283 1660 378 1698 marus
397 1644 535 1713 (poemat.
560 1635 633 1713 tat)-
652 1640 827 1712 proferres
848 1640 960 1711 coniicit
978 1639 1104 1712 formem
1127 1641 1147 1695 i.
1169 1657 1195 1699 e.
1221 1656 1284 1703 ere·

279 1728 418 1799 peditem,
442 1723 547 1793 deinde¹
568 1724 635 1795 legit
657 1724 742 1795 debet.
774 1724 861 1783 .Vrat.
880 1727 944 1781 Par.
964 1728 1009 1785 04.
1029 1740 1154 1793 moues,
1181 1729 1226 1797 68.
1246 1742 1284 1781 ort

282 1841 324 1853 -
350 1810 488 1873 deducat,-
533 1811 577 1868 70.
603 1809 848 1882 Ῡτεῑ.;.,ἒφινι“αε,·
875 1813 921 1877 86.
945 1809 1025 1865 Vrat.
1051 1811 1113 1875 Par.
1135 1810 1283 1881 superbae.

284 1900 343 1954 109.
371 1895 496 1951 damus
524 1891 715 1964 recepimus,
729 1894 870 1964 quemvis.
883 1909 983 1950 omnes
1003 1894 1063 1949 tere
1084 1894 1147 1959 tilui
1167 1895 1286 1967 detectio

281 1979 415 2036 habeant.
460 2018 462 2023 -
520 2006 523 2013 ·
566 2008 579 2037 =.
653 1994 741 2041 .·,..o,.-
768 2028 770 2037 .
1222 2018 1249 2029 ..

371 2061 462 2119 Carm.
485 2062 534 2117 IV.
576 2061 651 2119 Vide
672 2061 949 2134 quaeexposuimus
970 2062 1000 2117 in
1022 2061 1124 2119 Annal.
1139 2060 1285 2135 philotet

284 2147 408 2220 paedeg.
424 2148 563 2217 supplem.
577 2146 761 2215 XVHlte-esss
774 2147 797 2214 I,
811 2150 1012 2217 plut—132„
1038 2162 1068 2205 v.
1082 2150 1109 2204 3.
1123 2146 1187 2201 iibri
1201 2146 1286 2215 cedit,

282 2232 411 2304 plerique
430 2236 600 2302 receperunt
619 2230 733 2293 Bartlril
743 2230 934 2287 coniecturam
948 2230 1028 2285 redit.
1058 2235 1104 2287 10.
1121 2231 1200 2284 Vrat.
1215 2245 1284 2301 pue·

282 2323 335 2383 ctu,
350 2316 571 2387 coniungecum
584 2314 753 2387 muniret
781 2319 830 2375 13.
842 2318 989 2385 nosterque
1004 2312 1183 2381 admisimus,
1200 2328 1285 2383 quum

285 2401 403 2455 meliora
424 2399 551 2456 invenire
576 2415 633 2455 non
652 2415 820 2470 porsenam
850 2398 927 2455 Vret.
954 2411 1083 2469 neceque.
1117 2402 1161 2459 23.
1184 2413 1284 2453 omnes

283 2484 381 2545 docto,-
400 2483 478 2541 Vrat.
496 2486 561 2539 Par.
579 2485 640 2539 riae
653 2486 780 2553 aurine,
801 2481 879 2541 Leid.
892 2484 952 2539 rinc
969 2484 1092 2539 carmine
1105 2488 1212 2540 cantur.
1240 2486 1285 2543 09.

285 2569 365 2625 Vrat.
379 2569 429 2640 qur·
439 2596 483 2607 -—
494 2584 593 2640 quom,
606 2568 670 2635 Por,
685 2583 747 2631 eune
767 2596 806 2607 -
821 2583 893 2625 cum.
921 2571 966 2633 49.
977 2567 1040 2637 fidit
1060 2583 1097 2623 ex
1111 2569 1190 2623 libris
1205 2567 1286 2625 resti-

284 2651 333 2707 tui.
367 2656 411 2710 57.
426 2652 506 2719 Vrat„
524 2654 611 2725 ptyra
627 2652 734 2720 uteo,
760 2652 846 2709 ceteri
864 2654 964 2724 ptpree
979 2651 1073 2708 oblivio
1086 2654 1165 2710 vitoe.
1194 2656 1237 2711 59.
1254 2651 1286 2705 li-

284 2736 326 2791 bri
342 2736 501 2807 Apollineos
517 2742 627 2806 ronow,
648 2743 692 2796 61.
702 2751 888 2808 -proprecaus,
913 2736 1005 2806 itaque
1025 2752 1086 2807 cum
1100 2736 1180 2807 vulg.
1198 2749 1285 2806 proe-

237 2842 239 2846 ·
284 2833 400 2891 prensus
413 2820 564 2891 legendum
580 2826 638 2887 est,
660 2836 726 2877 nam
736 2821 891 2892 praepredi
901 2819 957 2877 hoo
972 2821 1034 2875 loco
1050 2826 1092 2876 est
1104 2825 1285 2891 praeterere-

286 2904 328 2971 ἀπ’,
345 2901 484 2961 omittere.¹
500 2908 696 2967 tid-teneamur
711 2904 740 2961 in
756 2905 851 2970 turin
866 2908 911 2965 nt.
925 2905 1062 2967 tendentes
1078 2904 1189 2975 scripsi,
1204 2903 1284 2961 Vrat.

286 2988 420 3055 tendatis,
441 2989 505 3043 Por.
521 2989 660 3047 demis.
674 2995 741 3049 t.65·
761 2990 825 3047 libri
839 2990 977 3056 laudavit,
996 2992 1043 3049 71.
1059 2989 1112 3054 itti,
1135 2986 1212 3057 quod
1226 3002 1286 3041 mu-

286 3070 403 3127 tandum
424 3078 467 3127 est
488 3074 516 3133 in
531 3074 601 3129 illie.
633 3073 788 3136 .74.rVrat.
810 3075 874 3131 Par.
896 3071 963 3127 edit.
979 3088 1022 3143 pr.
1040 3073 1204 3144 permeruit.
1228 3076 1285 3133 03.

285 3156 367 3212 Vrat.
379 3159 530 3226 promere.
556 3161 600 3218 35.
617 3157 874 3223 lihriconsentirmt
888 3156 918 3211 in
931 3162 1031 3213 tontes.
1064 3161 1109 3217 80
1129 3156 1286 3229 posthunc

288 3256 406 3295 versum
422 3240 449 3295 in
463 3242 590 3313 margine
604 3242 692 3304 Vrat„
706 3242 776 3311 (otia
796 3242 896 3305 manu)
918 3247 945 3296 et
965 3242 995 3296 in
1011 3241 1076 3299 Par.
1099 3243 1221 3297 insertus
1242 3248 1288 3297 cst

286 3340 406 3379 versure
426 3326 553 3383 Attottem
568 3333 696 3395 eentum,
713 3326 816 3399 pendet
833 3326 1011 3397 Trasimenus
1025 3332 1052 3383 et
1064 3326 1157 3399 Aliter,
1184 3332 1234 3385 ot.
1255 3326 1286 3380 ti-

285 3409 329 3463 bri
344 3408 450 3463 urbem.
478 3413 523 3468 03
538 3410 618 3466 Vrat.
635 3411 699 3467 Par.
714 3411 885 3473 aduerunt&
906 3412 1018 3467 fortuna
1037 3411 1112 3466 enirn
1128 3427 1213 3482 quum
1228 3426 1285 3465 non

286 3492 427 3547 admirata
448 3494 498 3561 sit,
510 3494 615 3550 ritum
635 3500 743 3561 tanturn
761 3494 898 3551 honorem
913 3502 1025 3551 nactum
1040 3513 1121 3564 esse,
1145 3495 1230 3551 etiam
1243 3496 1285 3549 in·

287 3575 368 3645 vidia
389 3578 450 3633 eius
470 3578 588 3633 honoris
609 3594 667 3633 non
686 3585 762 3635 mota
782 3585 835 3635 est.
870 3584 933 3639 103.
959 3596 1058 3636 omnes
1079 3582 1139 3634 tero
1160 3579 1283 3649 tetrique.

285 3667 349 3719 105.
370 3662 471 3732 scripsi
492 3664 604 3733 eerpri,
626 3663 705 3719 Vrat
728 3662 858 3734 edit.,pr.
880 3665 996 3734 carpsit.
1034 3671 1095 3723 111.
1116 3662 1196 3717 Vret.
1219 3661 1285 3719 Par.

284 3744 351 3803 deos
364 3776 408 3787 -
422 3747 563 3805 ementior.
594 3752 654 3810 115.
669 3764 768 3807 omnes
783 3755 890 3824 coctus,
906 3754 970 3809 tro.
983 3762 1118 3823 «operor.
1186 3788 1189 3793 -
