<?xml version="1.0" encoding="UTF-8"?>
<!DOCTYPE html PUBLIC "-//W3C//DTD XHTML 1.0 Transitional//EN"
    "http://www.w3.org/TR/xhtml1/DTD/xhtml1-transitional.dtd">
<html xmlns="http://www.w3.org/1999/xhtml" xml:lang="en" lang="en">
 <head>
  <title>
</title>
<meta http-equiv="Content-Type" content="text/html;charset=utf-8" />
  <meta name='ocr-system' content='tesseract 3.04.00' />
  <meta name='ocr-capabilities' content='ocr_page ocr_carea ocr_par ocr_line ocrx_word'/>
</head>
<body>
  <div class='ocr_page' id='page_1' title='image "./publiuspapinius00quecgoog_0449.png"; bbox 0 0 3134 4434; ppageno 0'>
   <div class='ocr_carea' id='block_1_1' title="bbox 599 464 1282 529">
    <p class='ocr_par' dir='ltr' id='par_1_1' title="bbox 599 464 1282 529">
     <span class='ocr_line' id='line_1_1' title="bbox 599 464 1282 529; baseline -0.001 0"><span class='ocrx_word' id='word_1_1' title='bbox 599 479 799 529; x_wconf 78' lang='lat' dir='ltr'>rnnnrrnos</span> <span class='ocrx_word' id='word_1_2' title='bbox 819 480 890 528; x_wconf 75' lang='lat' dir='ltr'>cna</span> <span class='ocrx_word' id='word_1_3' title='bbox 913 480 962 527; x_wconf 87' lang='lat' dir='ltr'>xr.</span> <span class='ocrx_word' id='word_1_4' title='bbox 1219 464 1282 528; x_wconf 78' lang='lat'>247</span> 
     </span>
    </p>
   </div>
   <div class='ocr_carea' id='block_1_2' title="bbox 249 635 1282 1562">
    <p class='ocr_par' dir='ltr' id='par_1_2' title="bbox 281 635 1282 886">
     <span class='ocr_line' id='line_1_2' title="bbox 281 635 1209 716; baseline -0.005 -18"><span class='ocrx_word' id='word_1_5' title='bbox 281 638 347 698; x_wconf 88' lang='lat' dir='ltr'>Huc</span> <span class='ocrx_word' id='word_1_6' title='bbox 366 636 469 716; x_wconf 89' lang='lat' dir='ltr'>aliquis</span> <span class='ocrx_word' id='word_1_7' title='bbox 493 645 790 716; x_wconf 88' lang='lat' dir='ltr'>propere-sceptrum</span> <span class='ocrx_word' id='word_1_8' title='bbox 810 643 898 713; x_wconf 90' lang='lat' dir='ltr'>atque</span> <span class='ocrx_word' id='word_1_9' title='bbox 920 635 1032 712; x_wconf 89' lang='lat' dir='ltr'>insigne</span> <span class='ocrx_word' id='word_1_10' title='bbox 1051 649 1209 709; x_wconf 79' lang='lat' dir='ltr'>comarum,</span> 
     </span>
     <span class='ocr_line' id='line_1_3' title="bbox 282 721 1282 798; baseline -0.002 -14"><span class='ocrx_word' id='word_1_11' title='bbox 282 723 358 784; x_wconf 89' lang='lat' dir='ltr'>Dum</span> <span class='ocrx_word' id='word_1_12' title='bbox 377 723 478 783; x_wconf 84' lang='lat' dir='ltr'>videt&#39;</span> <span class='ocrx_word' id='word_1_13' title='bbox 522 721 604 782; x_wconf 83' lang='lat' dir='ltr'>Haec</span> <span class='ocrx_word' id='word_1_14' title='bbox 622 722 724 782; x_wconf 89' lang='lat' dir='ltr'>diceus</span> <span class='ocrx_word' id='word_1_15' title='bbox 743 739 863 798; x_wconf 77' lang='lat' dir='ltr'>gressus</span> <span class='ocrx_word' id='word_1_16' title='bbox 884 721 1012 781; x_wconf 87' lang='lat' dir='ltr'>admovit</span> <span class='ocrx_word' id='word_1_17' title='bbox 1032 729 1062 779; x_wconf 87' lang='lat' dir='ltr'>et</span> <span class='ocrx_word' id='word_1_18' title='bbox 1081 735 1170 796; x_wconf 78' lang='lat' dir='ltr'>arms,</span> <span class='ocrx_word' id='word_1_19' title='bbox 1228 725 1282 782; x_wconf 86' lang='grc'>550</span> 
     </span>
     <span class='ocr_line' id='line_1_4' title="bbox 282 804 1035 886; baseline -0.007 -19"><span class='ocrx_word' id='word_1_20' title='bbox 282 804 348 867; x_wconf 83' lang='lat' dir='ltr'>Gen</span> <span class='ocrx_word' id='word_1_21' title='bbox 367 807 482 886; x_wconf 89' lang='lat' dir='ltr'>templis</span> <span class='ocrx_word' id='word_1_22' title='bbox 502 807 592 866; x_wconf 88' lang='lat' dir='ltr'>decus</span> <span class='ocrx_word' id='word_1_23' title='bbox 612 816 642 866; x_wconf 87' lang='lat' dir='ltr'>et</span> <span class='ocrx_word' id='word_1_24' title='bbox 662 807 775 886; x_wconf 83' lang='lat' dir='ltr'><strong>patriae</strong></span> <span class='ocrx_word' id='word_1_25' title='bbox 796 804 904 866; x_wconf 86' lang='lat' dir='ltr'>laturus</span> <span class='ocrx_word' id='word_1_26' title='bbox 927 805 1035 881; x_wconf 86' lang='lat' dir='ltr'>ovanti,</span> 
     </span>
    </p>

    <p class='ocr_par' dir='ltr' id='par_1_3' title="bbox 249 888 1116 970">
     <span class='ocr_line' id='line_1_5' title="bbox 249 888 1116 970; baseline -0.003 -19"><span class='ocrx_word' id='word_1_27' title='bbox 249 940 251 958; x_wconf 62' lang='lat'>,</span> <span class='ocrx_word' id='word_1_28' title='bbox 280 891 372 952; x_wconf 77' lang='lat' dir='ltr'>Arma</span> <span class='ocrx_word' id='word_1_29' title='bbox 393 892 480 952; x_wconf 90' lang='lat' dir='ltr'>etiam</span> <span class='ocrx_word' id='word_1_30' title='bbox 501 891 628 970; x_wconf 88' lang='lat' dir='ltr'>spoliare</span> <span class='ocrx_word' id='word_1_31' title='bbox 649 892 745 969; x_wconf 84' lang='lat' dir='ltr'>cupit;</span> <span class='ocrx_word' id='word_1_32' title='bbox 768 890 893 951; x_wconf 89' lang='lat' dir='ltr'>nondum</span> <span class='ocrx_word' id='word_1_33' title='bbox 914 889 966 950; x_wconf 87' lang='lat' dir='ltr'>ilie</span> <span class='ocrx_word' id='word_1_34' title='bbox 987 888 1116 968; x_wconf 86' lang='lat' dir='ltr'>peractis</span> 
     </span>
    </p>

    <p class='ocr_par' dir='ltr' id='par_1_4' title="bbox 249 974 993 1062">
     <span class='ocr_line' id='line_1_6' title="bbox 249 974 993 1062; baseline -0.005 -26"><span class='ocrx_word' id='word_1_35' title='bbox 249 1023 251 1062; x_wconf 47' lang='lat'>3</span> <span class='ocrx_word' id='word_1_36' title='bbox 281 975 413 1036; x_wconf 80' lang='lat' dir='ltr'>Manibus</span> <span class='ocrx_word' id='word_1_37' title='bbox 432 975 552 1036; x_wconf 88' lang='lat' dir='ltr'>ultrices</span> <span class='ocrx_word' id='word_1_38' title='bbox 575 977 695 1036; x_wconf 89' lang='lat' dir='ltr'>animam</span> <span class='ocrx_word' id='word_1_39' title='bbox 717 974 855 1036; x_wconf 83' lang='lat' dir='ltr'>servabat</span> <span class='ocrx_word' id='word_1_40' title='bbox 875 977 905 1034; x_wconf 90' lang='lat' dir='ltr'>in</span> <span class='ocrx_word' id='word_1_41' title='bbox 925 975 993 1035; x_wconf 89' lang='lat' dir='ltr'>iras.</span> 
     </span>
    </p>

    <p class='ocr_par' dir='ltr' id='par_1_5' title="bbox 281 1058 1119 1140">
     <span class='ocr_line' id='line_1_7' title="bbox 281 1058 1119 1140; baseline -0.006 -19"><span class='ocrx_word' id='word_1_42' title='bbox 281 1060 379 1139; x_wconf 89' lang='lat' dir='ltr'>thue</span> <span class='ocrx_word' id='word_1_43' title='bbox 401 1068 612 1139; x_wconf 73' lang='lat' dir='ltr'>superstantem</span> <span class='ocrx_word' id='word_1_44' title='bbox 630 1077 810 1140; x_wconf 86' lang='lat' dir='ltr'>pronumque</span> <span class='ocrx_word' id='word_1_45' title='bbox 828 1061 857 1118; x_wconf 94' lang='lat' dir='ltr'>in</span> <span class='ocrx_word' id='word_1_46' title='bbox 877 1067 999 1138; x_wconf 90' lang='lat' dir='ltr'>pectora</span> <span class='ocrx_word' id='word_1_47' title='bbox 1017 1058 1119 1133; x_wconf 87' lang='lat' dir='ltr'>sensit,</span> 
     </span>
    </p>

    <p class='ocr_par' dir='ltr' id='par_1_6' title="bbox 280 1135 1282 1309">
     <span class='ocr_line' id='line_1_8' title="bbox 280 1135 1282 1225; baseline -0.003 -20"><span class='ocrx_word' id='word_1_48' title='bbox 280 1144 378 1221; x_wconf 90' lang='lat' dir='ltr'>Erigit</span> <span class='ocrx_word' id='word_1_49' title='bbox 392 1145 512 1225; x_wconf 32' lang='lat' dir='ltr'>,occulte</span> <span class='ocrx_word' id='word_1_50' title='bbox 535 1145 643 1206; x_wconf 88' lang='lat' dir='ltr'>ferrum</span> <span class='ocrx_word' id='word_1_51' title='bbox 664 1135 800 1223; x_wconf 80' lang='lat' dir='ltr'>vitaeque</span> <span class='ocrx_word' id='word_1_52' title='bbox 823 1144 946 1205; x_wconf 90' lang='lat' dir='ltr'>labantis</span> <span class='ocrx_word' id='word_1_53' title='bbox 1229 1146 1282 1204; x_wconf 81' lang='grc'>565</span> 
     </span>
     <span class='ocr_line' id='line_1_9' title="bbox 282 1229 1021 1309; baseline -0.003 -20"><span class='ocrx_word' id='word_1_54' title='bbox 282 1229 446 1309; x_wconf 85' lang='lat' dir='ltr'>Belliquias</span> <span class='ocrx_word' id='word_1_55' title='bbox 466 1238 570 1290; x_wconf 89' lang='lat' dir='ltr'>tenues</span> <span class='ocrx_word' id='word_1_56' title='bbox 592 1231 660 1291; x_wconf 88' lang='lat' dir='ltr'>odio</span> <span class='ocrx_word' id='word_1_57' title='bbox 683 1229 847 1308; x_wconf 88' lang='lat' dir='ltr'>supplevit,</span> <span class='ocrx_word' id='word_1_58' title='bbox 871 1239 901 1289; x_wconf 92' lang='lat' dir='ltr'>et</span> <span class='ocrx_word' id='word_1_59' title='bbox 920 1246 1021 1289; x_wconf 87' lang='lat' dir='ltr'>ensem</span> 
     </span>
    </p>

    <p class='ocr_par' dir='ltr' id='par_1_7' title="bbox 283 1313 1023 1392">
     <span class='ocr_line' id='line_1_10' title="bbox 283 1313 1023 1392; baseline -0.001 -18"><span class='ocrx_word' id='word_1_60' title='bbox 283 1313 344 1374; x_wconf 88' lang='lat' dir='ltr'>lam</span> <span class='ocrx_word' id='word_1_61' title='bbox 364 1313 458 1374; x_wconf 87' lang='lat' dir='ltr'>laetus</span> <span class='ocrx_word' id='word_1_62' title='bbox 476 1314 574 1374; x_wconf 87' lang='lat' dir='ltr'>fratris</span> <span class='ocrx_word' id='word_1_63' title='bbox 593 1332 652 1374; x_wconf 90' lang='lat' dir='ltr'>non</span> <span class='ocrx_word' id='word_1_64' title='bbox 672 1315 763 1375; x_wconf 85' lang='lat' dir='ltr'>frater</span> <span class='ocrx_word' id='word_1_65' title='bbox 785 1313 876 1374; x_wconf 90' lang='lat' dir='ltr'>corde</span> <span class='ocrx_word' id='word_1_66' title='bbox 895 1313 1023 1392; x_wconf 88' lang='lat' dir='ltr'>reliquit.</span> 
     </span>
    </p>

    <p class='ocr_par' dir='ltr' id='par_1_8' title="bbox 283 1397 1142 1476">
     <span class='ocr_line' id='line_1_11' title="bbox 283 1397 1142 1476; baseline -0.003 -18"><span class='ocrx_word' id='word_1_67' title='bbox 283 1397 339 1458; x_wconf 89' lang='lat' dir='ltr'>Ille</span> <span class='ocrx_word' id='word_1_68' title='bbox 358 1406 466 1458; x_wconf 89' lang='lat' dir='ltr'>autem:</span> <span class='ocrx_word' id='word_1_69' title='bbox 490 1398 621 1459; x_wconf 71' lang='lat' dir='ltr'>‘Vivisco</span> <span class='ocrx_word' id='word_1_70' title='bbox 642 1409 671 1460; x_wconf 88' lang='lat' dir='ltr'>et</span> <span class='ocrx_word' id='word_1_71' title='bbox 691 1397 785 1460; x_wconf 90' lang='lat' dir='ltr'>adbuc</span> <span class='ocrx_word' id='word_1_72' title='bbox 804 1407 900 1458; x_wconf 89' lang='lat' dir='ltr'>manet</span> <span class='ocrx_word' id='word_1_73' title='bbox 918 1398 961 1458; x_wconf 86' lang='lat' dir='ltr'>ira</span> <span class='ocrx_word' id='word_1_74' title='bbox 980 1404 1142 1476; x_wconf 88' lang='lat' dir='ltr'>superstes,</span> 
     </span>
    </p>

    <p class='ocr_par' dir='ltr' id='par_1_9' title="bbox 284 1479 1045 1562">
     <span class='ocr_line' id='line_1_12' title="bbox 284 1479 1045 1562; baseline -0.003 -19"><span class='ocrx_word' id='word_1_75' title='bbox 284 1481 399 1543; x_wconf 87' lang='lat' dir='ltr'>Perfide</span> <span class='ocrx_word' id='word_1_76' title='bbox 420 1500 476 1544; x_wconf 90' lang='lat' dir='ltr'>uec</span> <span class='ocrx_word' id='word_1_77' title='bbox 497 1482 586 1544; x_wconf 88' lang='lat' dir='ltr'>sedes</span> <span class='ocrx_word' id='word_1_78' title='bbox 604 1500 736 1562; x_wconf 89' lang='lat' dir='ltr'>umquam</span> <span class='ocrx_word' id='word_1_79' title='bbox 755 1483 893 1544; x_wconf 88' lang='lat' dir='ltr'>meriture</span> <span class='ocrx_word' id='word_1_80' title='bbox 911 1479 1045 1562; x_wconf 77' lang='lat' dir='ltr'>quietas?</span> 
     </span>
    </p>
   </div>
   <div class='ocr_carea' id='block_1_3' title="bbox 284 1565 1369 1646">
    <p class='ocr_par' dir='ltr' id='par_1_10' title="bbox 284 1565 1369 1646">
     <span class='ocr_line' id='line_1_13' title="bbox 284 1565 1369 1646; baseline 0.001 -21"><span class='ocrx_word' id='word_1_81' title='bbox 284 1565 298 1625; x_wconf 88' lang='lat'>1</span> <span class='ocrx_word' id='word_1_82' title='bbox 315 1584 427 1627; x_wconf 88' lang='lat' dir='ltr'>mecum</span> <span class='ocrx_word' id='word_1_83' title='bbox 445 1566 481 1627; x_wconf 85' lang='lat' dir='ltr'>nd</span> <span class='ocrx_word' id='word_1_84' title='bbox 497 1585 615 1645; x_wconf 82' lang='lat' dir='ltr'>manes,</span> <span class='ocrx_word' id='word_1_85' title='bbox 633 1568 695 1629; x_wconf 91' lang='lat' dir='ltr'>illic</span> <span class='ocrx_word' id='word_1_86' title='bbox 715 1583 832 1646; x_wconf 90' lang='lat' dir='ltr'>quoque</span> <span class='ocrx_word' id='word_1_87' title='bbox 850 1575 934 1646; x_wconf 86' lang='lat' dir='ltr'>pacta</span> <span class='ocrx_word' id='word_1_88' title='bbox 952 1583 1119 1646; x_wconf 78' lang='lat' dir='ltr'>reposcam,</span> <span class='ocrx_word' id='word_1_89' title='bbox 1232 1570 1284 1628; x_wconf 80' lang='lat' dir='ltr'>stc</span> <span class='ocrx_word' id='word_1_90' title='bbox 1364 1610 1369 1619; x_wconf 89' lang='lat'>.</span> 
     </span>
    </p>
   </div>
   <div class='ocr_carea' id='block_1_4' title="bbox 264 1650 1288 3851">
    <p class='ocr_par' dir='ltr' id='par_1_11' title="bbox 264 1650 1288 3851">
     <span class='ocr_line' id='line_1_14' title="bbox 285 1650 1027 1730; baseline 0.001 -20"><span class='ocrx_word' id='word_1_91' title='bbox 285 1650 420 1711; x_wconf 82' lang='lat' dir='ltr'>simodo</span> <span class='ocrx_word' id='word_1_92' title='bbox 438 1651 589 1730; x_wconf 78' lang='lat' dir='ltr'>Agenorei</span> <span class='ocrx_word' id='word_1_93' title='bbox 609 1662 665 1714; x_wconf 84' lang='lat' dir='ltr'>stat</span> <span class='ocrx_word' id='word_1_94' title='bbox 681 1651 806 1713; x_wconf 84' lang='lat' dir='ltr'>Gnossia</span> <span class='ocrx_word' id='word_1_95' title='bbox 825 1651 928 1712; x_wconf 86' lang='lat' dir='ltr'>iudicis</span> <span class='ocrx_word' id='word_1_96' title='bbox 945 1669 1027 1728; x_wconf 89' lang='lat' dir='ltr'>urna,</span> 
     </span>
     <span class='ocr_line' id='line_1_15' title="bbox 286 1734 1053 1816; baseline 0 -21"><span class='ocrx_word' id='word_1_97' title='bbox 286 1734 350 1808; x_wconf 81' lang='lat' dir='ltr'>Qua</span> <span class='ocrx_word' id='word_1_98' title='bbox 369 1755 459 1814; x_wconf 87' lang='lat' dir='ltr'>reges</span> <span class='ocrx_word' id='word_1_99' title='bbox 481 1739 582 1816; x_wconf 91' lang='lat' dir='ltr'>punire</span> <span class='ocrx_word' id='word_1_100' title='bbox 602 1737 707 1799; x_wconf 61' lang='lat' dir='ltr'>datur?</span> <span class='ocrx_word' id='word_1_101' title='bbox 750 1735 816 1798; x_wconf 91' lang='lat' dir='ltr'>Nec</span> <span class='ocrx_word' id='word_1_102' title='bbox 834 1736 919 1816; x_wconf 90' lang='lat' dir='ltr'>plura</span> <span class='ocrx_word' id='word_1_103' title='bbox 939 1737 1053 1797; x_wconf 91' lang='lat' dir='ltr'>locutus</span> 
     </span>
     <span class='ocr_line' id='line_1_16' title="bbox 287 1818 1055 1900; baseline -0.003 -19"><span class='ocrx_word' id='word_1_104' title='bbox 287 1818 421 1882; x_wconf 79' lang='lat' dir='ltr'>concidit</span> <span class='ocrx_word' id='word_1_105' title='bbox 443 1830 473 1882; x_wconf 89' lang='lat' dir='ltr'>et</span> <span class='ocrx_word' id='word_1_106' title='bbox 493 1823 561 1882; x_wconf 92' lang='lat' dir='ltr'>totis</span> <span class='ocrx_word' id='word_1_107' title='bbox 580 1822 699 1883; x_wconf 88' lang='lat' dir='ltr'>fratrem</span> <span class='ocrx_word' id='word_1_108' title='bbox 720 1822 819 1900; x_wconf 84' lang='lat' dir='ltr'>gravis</span> <span class='ocrx_word' id='word_1_109' title='bbox 841 1821 937 1881; x_wconf 85' lang='lat' dir='ltr'>obruit</span> <span class='ocrx_word' id='word_1_110' title='bbox 957 1822 1055 1883; x_wconf 88' lang='lat' dir='ltr'>armis.</span> 
     </span>
     <span class='ocr_line' id='line_1_17' title="bbox 350 1905 1046 1985; baseline 0.001 -20"><span class='ocrx_word' id='word_1_111' title='bbox 350 1905 393 1965; x_wconf 91' lang='lat' dir='ltr'>Ite</span> <span class='ocrx_word' id='word_1_112' title='bbox 416 1915 515 1967; x_wconf 90' lang='lat' dir='ltr'>truces</span> <span class='ocrx_word' id='word_1_113' title='bbox 536 1909 648 1968; x_wconf 90' lang='lat' dir='ltr'>animae</span> <span class='ocrx_word' id='word_1_114' title='bbox 669 1906 841 1985; x_wconf 88' lang='lat' dir='ltr'>funestaque</span> <span class='ocrx_word' id='word_1_115' title='bbox 860 1915 967 1967; x_wconf 89' lang='lat' dir='ltr'>tartara</span> <span class='ocrx_word' id='word_1_116' title='bbox 985 1907 1046 1967; x_wconf 90' lang='lat' dir='ltr'>leto</span> 
     </span>
     <span class='ocr_line' id='line_1_18' title="bbox 285 1989 1284 2070; baseline -0.004 -17"><span class='ocrx_word' id='word_1_117' title='bbox 285 1989 411 2053; x_wconf 87' lang='lat' dir='ltr'>Polluite</span> <span class='ocrx_word' id='word_1_118' title='bbox 433 2000 464 2051; x_wconf 89' lang='lat' dir='ltr'>et</span> <span class='ocrx_word' id='word_1_119' title='bbox 485 2001 604 2051; x_wconf 83' lang='lat' dir='ltr'>cunctas</span> <span class='ocrx_word' id='word_1_120' title='bbox 623 1989 715 2052; x_wconf 84' lang='lat' dir='ltr'>Erebi</span> <span class='ocrx_word' id='word_1_121' title='bbox 738 1991 899 2050; x_wconf 79' lang='lat' dir='ltr'>consumite</span> <span class='ocrx_word' id='word_1_122' title='bbox 917 2008 1040 2070; x_wconf 86' lang='lat' dir='ltr'>poenas.</span> <span class='ocrx_word' id='word_1_123' title='bbox 1233 1992 1284 2050; x_wconf 78' lang='grc'>575</span> 
     </span>
     <span class='ocr_line' id='line_1_19' title="bbox 285 2073 1193 2154; baseline -0.003 -20"><span class='ocrx_word' id='word_1_124' title='bbox 285 2074 407 2153; x_wconf 85' lang='lat' dir='ltr'>Vosque</span> <span class='ocrx_word' id='word_1_125' title='bbox 427 2075 510 2136; x_wconf 88' lang='lat' dir='ltr'>malis</span> <span class='ocrx_word' id='word_1_126' title='bbox 530 2075 689 2153; x_wconf 85' lang='lat' dir='ltr'>bominum,</span> <span class='ocrx_word' id='word_1_127' title='bbox 712 2076 847 2152; x_wconf 79' lang='lat' dir='ltr'>Stygiae,</span> <span class='ocrx_word' id='word_1_128' title='bbox 871 2076 926 2135; x_wconf 89' lang='lat' dir='ltr'>iam</span> <span class='ocrx_word' id='word_1_129' title='bbox 948 2075 1077 2154; x_wconf 89' lang='lat' dir='ltr'>parcite,</span> <span class='ocrx_word' id='word_1_130' title='bbox 1099 2073 1193 2134; x_wconf 85' lang='lat' dir='ltr'>divae.</span> 
     </span>
     <span class='ocr_line' id='line_1_20' title="bbox 287 2158 1101 2238; baseline 0 -20"><span class='ocrx_word' id='word_1_131' title='bbox 287 2158 424 2219; x_wconf 88' lang='lat' dir='ltr'>Omnibus</span> <span class='ocrx_word' id='word_1_132' title='bbox 444 2161 473 2219; x_wconf 90' lang='lat' dir='ltr'>in</span> <span class='ocrx_word' id='word_1_133' title='bbox 493 2162 580 2220; x_wconf 88' lang='lat' dir='ltr'>terris</span> <span class='ocrx_word' id='word_1_134' title='bbox 599 2160 699 2220; x_wconf 90' lang='lat' dir='ltr'>scelus</span> <span class='ocrx_word' id='word_1_135' title='bbox 717 2159 775 2220; x_wconf 88' lang='lat' dir='ltr'>boc</span> <span class='ocrx_word' id='word_1_136' title='bbox 795 2160 931 2238; x_wconf 90' lang='lat' dir='ltr'>omnique</span> <span class='ocrx_word' id='word_1_137' title='bbox 951 2158 1005 2218; x_wconf 89' lang='lat' dir='ltr'>sub</span> <span class='ocrx_word' id='word_1_138' title='bbox 1027 2175 1101 2218; x_wconf 82' lang='lat' dir='ltr'>aevo</span> 
     </span>
     <span class='ocr_line' id='line_1_21' title="bbox 287 2243 1064 2322; baseline -0.001 -19"><span class='ocrx_word' id='word_1_139' title='bbox 287 2244 399 2306; x_wconf 82' lang='lat' dir='ltr'>Viderit</span> <span class='ocrx_word' id='word_1_140' title='bbox 420 2262 476 2304; x_wconf 92' lang='lat' dir='ltr'>una</span> <span class='ocrx_word' id='word_1_141' title='bbox 498 2246 577 2321; x_wconf 85' lang='lat' dir='ltr'>dies,</span> <span class='ocrx_word' id='word_1_142' title='bbox 599 2253 815 2322; x_wconf 89' lang='lat' dir='ltr'>monstrumque</span> <span class='ocrx_word' id='word_1_143' title='bbox 834 2243 939 2305; x_wconf 90' lang='lat' dir='ltr'>infame</span> <span class='ocrx_word' id='word_1_144' title='bbox 961 2243 1064 2304; x_wconf 89' lang='lat' dir='ltr'>futuris</span> 
     </span>
     <span class='ocr_line' id='line_1_22' title="bbox 287 2327 1082 2407; baseline -0.004 -18"><span class='ocrx_word' id='word_1_145' title='bbox 287 2328 426 2405; x_wconf 80' lang='lat' dir='ltr'>Excidat,</span> <span class='ocrx_word' id='word_1_146' title='bbox 450 2339 480 2389; x_wconf 93' lang='lat' dir='ltr'>et</span> <span class='ocrx_word' id='word_1_147' title='bbox 501 2328 558 2389; x_wconf 88' lang='lat' dir='ltr'>soii</span> <span class='ocrx_word' id='word_1_148' title='bbox 574 2337 736 2389; x_wconf 86' lang='lat' dir='ltr'>memorent</span> <span class='ocrx_word' id='word_1_149' title='bbox 756 2327 831 2388; x_wconf 85' lang='lat' dir='ltr'>baec</span> <span class='ocrx_word' id='word_1_150' title='bbox 850 2328 963 2407; x_wconf 89' lang='lat' dir='ltr'>proelia</span> <span class='ocrx_word' id='word_1_151' title='bbox 982 2345 1082 2405; x_wconf 88' lang='lat' dir='ltr'>reges.</span> 
     </span>
     <span class='ocr_line' id='line_1_23' title="bbox 351 2411 1287 2492; baseline 0.001 -19"><span class='ocrx_word' id='word_1_152' title='bbox 351 2413 390 2473; x_wconf 84' lang='lat' dir='ltr'>At</span> <span class='ocrx_word' id='word_1_153' title='bbox 411 2415 527 2492; x_wconf 86' lang='lat' dir='ltr'>genitor</span> <span class='ocrx_word' id='word_1_154' title='bbox 548 2414 672 2474; x_wconf 91' lang='lat' dir='ltr'>sceleris</span> <span class='ocrx_word' id='word_1_155' title='bbox 695 2422 847 2492; x_wconf 88' lang='lat' dir='ltr'>comperto</span> <span class='ocrx_word' id='word_1_156' title='bbox 869 2413 943 2490; x_wconf 85' lang='lat' dir='ltr'>fine,</span> <span class='ocrx_word' id='word_1_157' title='bbox 965 2411 1116 2491; x_wconf 84' lang='lat' dir='ltr'>profundis</span> <span class='ocrx_word' id='word_1_158' title='bbox 1235 2416 1287 2474; x_wconf 82' lang='grc'>580</span> 
     </span>
     <span class='ocr_line' id='line_1_24' title="bbox 288 2497 1011 2578; baseline 0.003 -22"><span class='ocrx_word' id='word_1_159' title='bbox 288 2497 407 2577; x_wconf 88' lang='lat' dir='ltr'>Erepsit</span> <span class='ocrx_word' id='word_1_160' title='bbox 424 2497 554 2559; x_wconf 89' lang='lat' dir='ltr'>tenebris</span> <span class='ocrx_word' id='word_1_161' title='bbox 573 2515 723 2578; x_wconf 80' lang='lat' dir='ltr'>saevoque</span> <span class='ocrx_word' id='word_1_162' title='bbox 742 2516 760 2558; x_wconf 87' lang='lat' dir='ltr'>e</span> <span class='ocrx_word' id='word_1_163' title='bbox 780 2497 878 2559; x_wconf 88' lang='lat' dir='ltr'>limine</span> <span class='ocrx_word' id='word_1_164' title='bbox 896 2498 1011 2577; x_wconf 83' lang='lat' dir='ltr'>profert</span> 
     </span>
     <span class='ocr_line' id='line_1_25' title="bbox 287 2581 1062 2664; baseline -0.003 -20"><span class='ocrx_word' id='word_1_165' title='bbox 287 2582 412 2644; x_wconf 78' lang='lat' dir='ltr'>Mortem</span> <span class='ocrx_word' id='word_1_166' title='bbox 431 2584 638 2664; x_wconf 68' lang='lat' dir='ltr'>inperfectam</span> <span class='ocrx_word' id='word_1_167' title='bbox 660 2583 755 2644; x_wconf 79' lang='lat' dir='ltr'>reteri</span> <span class='ocrx_word' id='word_1_168' title='bbox 778 2591 836 2644; x_wconf 86' lang='lat' dir='ltr'>stat</span> <span class='ocrx_word' id='word_1_169' title='bbox 854 2582 971 2644; x_wconf 85' lang='lat' dir='ltr'>sordida</span> <span class='ocrx_word' id='word_1_170' title='bbox 992 2581 1062 2643; x_wconf 83' lang='lat' dir='ltr'>tubo</span> 
     </span>
     <span class='ocr_line' id='line_1_26' title="bbox 287 2667 1005 2746; baseline -0.001 -19"><span class='ocrx_word' id='word_1_171' title='bbox 287 2667 418 2745; x_wconf 88' lang='lat' dir='ltr'>Utraque</span> <span class='ocrx_word' id='word_1_172' title='bbox 437 2670 572 2746; x_wconf 81' lang='lat' dir='ltr'>canities,</span> <span class='ocrx_word' id='word_1_173' title='bbox 595 2678 626 2729; x_wconf 87' lang='lat' dir='ltr'>et</span> <span class='ocrx_word' id='word_1_174' title='bbox 647 2668 735 2729; x_wconf 89' lang='lat' dir='ltr'>durus</span> <span class='ocrx_word' id='word_1_175' title='bbox 756 2669 895 2745; x_wconf 82' lang='lat' dir='ltr'>sanguine</span> <span class='ocrx_word' id='word_1_176' title='bbox 918 2668 1005 2728; x_wconf 92' lang='lat' dir='ltr'>crinis</span> 
     </span>
     <span class='ocr_line' id='line_1_27' title="bbox 289 2750 1032 2832; baseline 0.001 -22"><span class='ocrx_word' id='word_1_177' title='bbox 289 2750 414 2812; x_wconf 93' lang='lat' dir='ltr'>0bnubit</span> <span class='ocrx_word' id='word_1_178' title='bbox 432 2754 535 2814; x_wconf 91' lang='lat' dir='ltr'>furiale</span> <span class='ocrx_word' id='word_1_179' title='bbox 557 2762 660 2832; x_wconf 84' lang='lat' dir='ltr'>caput;</span> <span class='ocrx_word' id='word_1_180' title='bbox 681 2753 786 2832; x_wconf 89' lang='lat' dir='ltr'>procul</span> <span class='ocrx_word' id='word_1_181' title='bbox 805 2770 857 2813; x_wconf 91' lang='lat' dir='ltr'>ora</span> <span class='ocrx_word' id='word_1_182' title='bbox 877 2770 1032 2831; x_wconf 80' lang='lat' dir='ltr'>genaeque</span> 
     </span>
     <span class='ocr_line' id='line_1_28' title="bbox 288 2834 1287 2915; baseline 0 -19"><span class='ocrx_word' id='word_1_183' title='bbox 288 2834 385 2912; x_wconf 91' lang='lat' dir='ltr'>Intus,</span> <span class='ocrx_word' id='word_1_184' title='bbox 409 2845 438 2896; x_wconf 91' lang='lat' dir='ltr'>et</span> <span class='ocrx_word' id='word_1_185' title='bbox 459 2837 587 2897; x_wconf 82' lang='lat' dir='ltr'>effossae</span> <span class='ocrx_word' id='word_1_186' title='bbox 609 2837 745 2915; x_wconf 90' lang='lat' dir='ltr'>squalent</span> <span class='ocrx_word' id='word_1_187' title='bbox 763 2839 888 2913; x_wconf 84' lang='lat' dir='ltr'>vestigia</span> <span class='ocrx_word' id='word_1_188' title='bbox 910 2837 994 2897; x_wconf 89' lang='lat' dir='ltr'>lucis.</span> <span class='ocrx_word' id='word_1_189' title='bbox 1235 2839 1287 2896; x_wconf 80' lang='grc'>505</span> 
     </span>
     <span class='ocr_line' id='line_1_29' title="bbox 289 2919 1105 2999; baseline -0.001 -21"><span class='ocrx_word' id='word_1_190' title='bbox 289 2919 381 2997; x_wconf 88' lang='lat' dir='ltr'>Virgo</span> <span class='ocrx_word' id='word_1_191' title='bbox 403 2930 498 2982; x_wconf 88' lang='lat' dir='ltr'>autem</span> <span class='ocrx_word' id='word_1_192' title='bbox 517 2922 660 2998; x_wconf 87' lang='lat' dir='ltr'>inpositae</span> <span class='ocrx_word' id='word_1_193' title='bbox 680 2929 822 2980; x_wconf 87' lang='lat' dir='ltr'>sustentat</span> <span class='ocrx_word' id='word_1_194' title='bbox 841 2920 972 2999; x_wconf 84' lang='lat' dir='ltr'>pondera</span> <span class='ocrx_word' id='word_1_195' title='bbox 990 2919 1105 2996; x_wconf 84' lang='lat' dir='ltr'>laevae,</span> 
     </span>
     <span class='ocr_line' id='line_1_30' title="bbox 289 3003 1080 3084; baseline -0.003 -18"><span class='ocrx_word' id='word_1_196' title='bbox 289 3005 402 3066; x_wconf 86' lang='lat' dir='ltr'>Dextra</span> <span class='ocrx_word' id='word_1_197' title='bbox 424 3005 509 3066; x_wconf 88' lang='lat' dir='ltr'>sedet</span> <span class='ocrx_word' id='word_1_198' title='bbox 529 3004 644 3065; x_wconf 88' lang='lat' dir='ltr'>baculo.</span> <span class='ocrx_word' id='word_1_199' title='bbox 688 3003 790 3078; x_wconf 83' lang='lat' dir='ltr'>Qualis</span> <span class='ocrx_word' id='word_1_200' title='bbox 812 3006 837 3064; x_wconf 91' lang='lat' dir='ltr'>si</span> <span class='ocrx_word' id='word_1_201' title='bbox 857 3023 956 3084; x_wconf 94' lang='lat' dir='ltr'>puppe</span> <span class='ocrx_word' id='word_1_202' title='bbox 976 3004 1080 3064; x_wconf 85' lang='lat' dir='ltr'>relicta</span> 
     </span>
     <span class='ocr_line' id='line_1_31' title="bbox 289 3088 904 3169; baseline 0 -19"><span class='ocrx_word' id='word_1_203' title='bbox 289 3088 406 3150; x_wconf 84' lang='lat' dir='ltr'>Exosus</span> <span class='ocrx_word' id='word_1_204' title='bbox 429 3091 504 3169; x_wconf 88' lang='lat' dir='ltr'>pigri</span> <span class='ocrx_word' id='word_1_205' title='bbox 524 3106 624 3149; x_wconf 86' lang='lat' dir='ltr'>manes</span> <span class='ocrx_word' id='word_1_206' title='bbox 637 3089 775 3150; x_wconf 81' lang='lat' dir='ltr'>&#39;sulcator</span> <span class='ocrx_word' id='word_1_207' title='bbox 794 3088 904 3150; x_wconf 78' lang='lat' dir='ltr'>Averni</span> 
     </span>
     <span class='ocr_line' id='line_1_32' title="bbox 288 3172 1043 3254; baseline -0.003 -20"><span class='ocrx_word' id='word_1_208' title='bbox 288 3173 385 3234; x_wconf 87' lang='lat' dir='ltr'>Exeat</span> <span class='ocrx_word' id='word_1_209' title='bbox 402 3174 439 3235; x_wconf 89' lang='lat' dir='ltr'>ad</span> <span class='ocrx_word' id='word_1_210' title='bbox 455 3190 581 3254; x_wconf 90' lang='lat' dir='ltr'>superos</span> <span class='ocrx_word' id='word_1_211' title='bbox 599 3173 751 3253; x_wconf 87' lang='lat' dir='ltr'>solemque</span> <span class='ocrx_word' id='word_1_212' title='bbox 771 3182 801 3234; x_wconf 94' lang='lat' dir='ltr'>et</span> <span class='ocrx_word' id='word_1_213' title='bbox 820 3174 929 3254; x_wconf 82' lang='lat' dir='ltr'>pallida</span> <span class='ocrx_word' id='word_1_214' title='bbox 948 3172 1043 3234; x_wconf 91' lang='lat' dir='ltr'>turbet</span> 
     </span>
     <span class='ocr_line' id='line_1_33' title="bbox 289 3258 1288 3338; baseline 0.002 -19"><span class='ocrx_word' id='word_1_215' title='bbox 289 3258 395 3336; x_wconf 80' lang='lat' dir='ltr'>Astra,</span> <span class='ocrx_word' id='word_1_216' title='bbox 417 3276 472 3320; x_wconf 89' lang='lat' dir='ltr'>uec</span> <span class='ocrx_word' id='word_1_217' title='bbox 492 3261 558 3338; x_wconf 88' lang='lat' dir='ltr'>ipse</span> <span class='ocrx_word' id='word_1_218' title='bbox 580 3259 628 3320; x_wconf 87' lang='lat' dir='ltr'>diu</span> <span class='ocrx_word' id='word_1_219' title='bbox 646 3259 732 3319; x_wconf 85' lang='lat' dir='ltr'>fortis</span> <span class='ocrx_word' id='word_1_220' title='bbox 754 3260 926 3338; x_wconf 89' lang='lat' dir='ltr'>patiensque</span> <span class='ocrx_word' id='word_1_221' title='bbox 950 3258 1069 3338; x_wconf 85' lang='lat' dir='ltr'>superni</span> <span class='ocrx_word' id='word_1_222' title='bbox 1234 3264 1288 3321; x_wconf 87' lang='grc'>500</span> 
     </span>
     <span class='ocr_line' id='line_1_34' title="bbox 288 3343 987 3422; baseline 0 -19"><span class='ocrx_word' id='word_1_223' title='bbox 288 3343 394 3420; x_wconf 83' lang='lat' dir='ltr'>Aeris,</span> <span class='ocrx_word' id='word_1_224' title='bbox 415 3345 526 3406; x_wconf 88' lang='lat' dir='ltr'>interea</span> <span class='ocrx_word' id='word_1_225' title='bbox 549 3344 668 3422; x_wconf 88' lang='lat' dir='ltr'>longum</span> <span class='ocrx_word' id='word_1_226' title='bbox 690 3352 826 3404; x_wconf 89' lang='lat' dir='ltr'>cessante</span> <span class='ocrx_word' id='word_1_227' title='bbox 847 3345 987 3421; x_wconf 88' lang='lat' dir='ltr'>magistro</span> 
     </span>
     <span class='ocr_line' id='line_1_35' title="bbox 290 3425 1076 3508; baseline 0.001 -20"><span class='ocrx_word' id='word_1_228' title='bbox 290 3425 414 3489; x_wconf 78' lang='lat' dir='ltr'>crescat</span> <span class='ocrx_word' id='word_1_229' title='bbox 434 3446 508 3508; x_wconf 91' lang='lat' dir='ltr'>opus</span> <span class='ocrx_word' id='word_1_230' title='bbox 529 3429 657 3507; x_wconf 92' lang='lat' dir='ltr'>totisque</span> <span class='ocrx_word' id='word_1_231' title='bbox 679 3437 837 3507; x_wconf 84' lang='lat' dir='ltr'>expectent</span> <span class='ocrx_word' id='word_1_232' title='bbox 856 3428 975 3489; x_wconf 87' lang='lat' dir='ltr'>saecula</span> <span class='ocrx_word' id='word_1_233' title='bbox 993 3427 1076 3507; x_wconf 87' lang='lat' dir='ltr'>ripis.</span> 
     </span>
     <span class='ocr_line' id='line_1_36' title="bbox 289 3511 1070 3592; baseline 0 -20"><span class='ocrx_word' id='word_1_234' title='bbox 289 3511 370 3572; x_wconf 84' lang='lat' dir='ltr'>Talis</span> <span class='ocrx_word' id='word_1_235' title='bbox 390 3514 441 3573; x_wconf 89' lang='lat' dir='ltr'>init</span> <span class='ocrx_word' id='word_1_236' title='bbox 460 3532 591 3592; x_wconf 91' lang='lat' dir='ltr'>campum</span> <span class='ocrx_word' id='word_1_237' title='bbox 609 3514 763 3592; x_wconf 87' lang='lat' dir='ltr'>comitique</span> <span class='ocrx_word' id='word_1_238' title='bbox 784 3523 914 3575; x_wconf 88' lang='lat' dir='ltr'>extrema</span> <span class='ocrx_word' id='word_1_239' title='bbox 932 3512 1070 3590; x_wconf 80' lang='lat' dir='ltr'>gementi,</span> 
     </span>
     <span class='ocr_line' id='line_1_37' title="bbox 264 3596 1101 3678; baseline -0.001 -20"><span class='ocrx_word' id='word_1_240' title='bbox 264 3626 266 3630; x_wconf 33' lang='lat' dir='ltr'>v</span> <span class='ocrx_word' id='word_1_241' title='bbox 289 3596 372 3672; x_wconf 88' lang='lat' dir='ltr'>Duc,</span> <span class='ocrx_word' id='word_1_242' title='bbox 395 3599 450 3674; x_wconf 91' lang='lat' dir='ltr'>ait,</span> <span class='ocrx_word' id='word_1_243' title='bbox 470 3597 507 3659; x_wconf 87' lang='lat' dir='ltr'>ad</span> <span class='ocrx_word' id='word_1_244' title='bbox 523 3607 623 3673; x_wconf 88' lang='lat' dir='ltr'>natos,</span> <span class='ocrx_word' id='word_1_245' title='bbox 643 3608 813 3678; x_wconf 89' lang='lat' dir='ltr'>patremque</span> <span class='ocrx_word' id='word_1_246' title='bbox 830 3598 1014 3675; x_wconf 86' lang='lat' dir='ltr'>recentibus,</span> <span class='ocrx_word' id='word_1_247' title='bbox 1036 3613 1101 3673; x_wconf 90' lang='lat' dir='ltr'>oro,</span> 
     </span>
     <span class='ocr_line' id='line_1_38' title="bbox 288 3681 1288 3760; baseline -0.003 -17"><span class='ocrx_word' id='word_1_248' title='bbox 288 3682 369 3743; x_wconf 90' lang='lat' dir='ltr'>Inice</span> <span class='ocrx_word' id='word_1_249' title='bbox 390 3682 552 3744; x_wconf 87' lang='lat' dir='ltr'>funeribus.</span> <span class='ocrx_word' id='word_1_250' title='bbox 598 3681 754 3744; x_wconf 75' lang='lat' dir='ltr'>Cunctator</span> <span class='ocrx_word' id='word_1_251' title='bbox 773 3685 873 3744; x_wconf 89' lang='lat' dir='ltr'>nescia</span> <span class='ocrx_word' id='word_1_252' title='bbox 894 3685 989 3760; x_wconf 80' lang='lat' dir='ltr'>virgo,</span> <span class='ocrx_word' id='word_1_253' title='bbox 1236 3686 1288 3742; x_wconf 83' lang='grc'>505</span> 
     </span>
     <span class='ocr_line' id='line_1_39' title="bbox 291 3764 1142 3851; baseline -0.008 -24"><span class='ocrx_word' id='word_1_254' title='bbox 291 3764 369 3840; x_wconf 78' lang='lat' dir='ltr'>Quid</span> <span class='ocrx_word' id='word_1_255' title='bbox 388 3776 487 3847; x_wconf 88' lang='lat' dir='ltr'>paret;</span> <span class='ocrx_word' id='word_1_256' title='bbox 509 3766 659 3849; x_wconf 87' lang='lat' dir='ltr'>inpediunt</span> <span class='ocrx_word' id='word_1_257' title='bbox 675 3769 733 3830; x_wconf 87' lang='lat' dir='ltr'>iter</span> <span class='ocrx_word' id='word_1_258' title='bbox 753 3768 967 3851; x_wconf 76' lang='lat' dir='ltr'>inplicitosque</span> <span class='ocrx_word' id='word_1_259' title='bbox 983 3772 1142 3827; x_wconf 71' lang='lat' dir='ltr'>moranum</span> 
     </span>
    </p>
   </div>
   <div class='ocr_carea' id='block_1_5' title="bbox 0 0 1583 4434">
    <p class='ocr_par' dir='ltr' id='par_1_12' title="bbox 0 0 1583 4434">
     <span class='ocr_line' id='line_1_40' title="bbox 0 0 1583 4434; baseline 0 0"><span class='ocrx_word' id='word_1_260' title='bbox 0 0 1583 4434; x_wconf 95' lang='lat' dir='ltr'> </span> 
     </span>
    </p>
   </div>
  </div>
 </body>
</html>
