3134 4434
490 760 558 901 ἰ).
590 804 801 900 naemu
829 812 1010 899 suurn
1081 858 1084 863 -

382 976 1126 1113 scuranum

606 1168 909 1246 LIBERI.

658 1349 856 1362 μ

626 1501 677 1553 AD
706 1499 891 1552 STELLAM.

320 1602 395 1714 Bm
416 1653 594 1731 multumque
616 1651 761 1729 dubitavi,
791 1651 887 1713 Stella
912 1649 1025 1710 iuvenis
1051 1649 1210 1730 optimeet
1235 1649 1264 1707 in

257 1740 360 1800 studiis
381 1739 491 1798 nostris
509 1737 735 1798 eminentissime
755 1755 812 1814 qua
835 1744 919 1816 parte
939 1734 1073 1810 voluisti,
1096 1751 1133 1795 an
1152 1733 1207 1795 hos
1228 1732 1261 1792 li·

258 1824 371 1899 bellos,
404 1824 453 1901 qui
474 1822 541 1882 mihi
563 1821 659 1881 subito
682 1821 783 1882 calore
806 1829 836 1881 et
858 1818 980 1902 quadam
1002 1816 1158 1879 festinandi
1180 1816 1263 1877 voln-

257 1917 336 1986 ptate
352 1907 517 1982 fluxerunt,
540 1925 627 1985 quum
642 1905 749 1984 singuli
760 1905 801 1966 de
819 1907 881 1965 sinu
898 1921 964 1965 meo
980 1903 1175 1983 prodiissent,
1195 1919 1263 1962 con·

257 2002 399 2070 gregatos
414 1994 478 2071 ipse
494 1992 674 2053 dimitterem.
709 1988 785 2063 Quid
800 1987 895 2050 enim?
915 1997 1033 2067 oportet
1047 1988 1130 2049 huius
1145 2004 1263 2067 quoque

259 2078 432 2138 auctoritate
448 2076 584 2136 editionis
599 2077 730 2150 onerari,
751 2075 829 2152 quod
845 2073 938 2134 adhuc
953 2091 1007 2152 pro
1023 2071 1174 2133 Thebaide
1188 2087 1263 2145 mea,

259 2163 389 2239 quamvis
410 2179 457 2220 me
478 2159 646 2238 reliquerit,
669 2155 782 2249 timeo?
814 2159 876 2219 Sed
898 2166 928 2218 et
946 2155 1078 2217 Culicem
1096 2157 1220 2233 legimus
1236 2163 1265 2213 et
1293 2146 1309 2156 ’

258 2244 612 2320 Batrachomyomachiam
635 2245 721 2305 etiam
741 2243 942 2320 agnoscamus
967 2242 1197 2321 necquicquam
1219 2246 1265 2299 est

259 2330 412 2389 illustrium
436 2339 603 2407 poetarum,
627 2331 676 2410 qui
696 2347 754 2389 non
772 2327 881 2406 aliquid
901 2325 1039 2405 operibus
1060 2325 1120 2388 suis
1135 2323 1203 2385 stilo
1219 2342 1264 2383 re·
1331 2366 1334 2371 -

258 2416 393 2473 missiore
425 2414 609 2491 praeluserit.
654 2409 754 2491 Quid?
785 2411 863 2492 quod
889 2411 964 2473 haec
992 2428 1089 2490 serum
1110 2418 1174 2470 erat
1196 2426 1264 2470 con·

258 2501 371 2572 tinere,
395 2516 481 2576 quum
502 2497 553 2558 illa
571 2516 627 2557 vos
646 2507 746 2573 certe,
769 2514 890 2577 quorum
908 2496 1013 2557 honori
1031 2497 1096 2566 data
1112 2504 1195 2570 suut,
1215 2493 1265 2553 ha·

258 2582 381 2642 heretis.
426 2582 487 2643 Scd
509 2583 587 2660 apud
607 2591 724 2643 ceteros
744 2598 870 2641 neccsse
890 2590 935 2641 est
953 2581 1071 2642 multum
1087 2579 1145 2641 illis
1162 2586 1266 2657 pereat

259 2685 297 2726 ex
318 2667 422 2742 venia,
446 2685 532 2746 quum
553 2667 716 2742 amiserint,
740 2684 825 2744 quam
839 2664 933 2727 sclam
946 2665 1123 2740 habuerunt,
1143 2664 1266 2741 gratiam

260 2750 431 2810 celeritatis·
480 2749 597 2810 Nullum
627 2752 702 2811 enim
732 2770 770 2811 ex
800 2750 858 2811 illis
881 2749 973 2810 hiduo
996 2750 1111 2827 longius
1133 2756 1265 2819 tractam,

260 2835 404 2914 quaedam
424 2843 454 2894 et
475 2836 597 2913 singulis
618 2835 722 2896 diebus
745 2835 852 2902 effusam
876 2834 1006 2914 quamvis
1023 2842 1138 2907 metuo,
1161 2849 1198 2889 ne
1215 2847 1265 2888 ve·
1298 2880 1306 2889 .

260 2938 321 2979 rum
342 2921 418 2978 istuc
438 2938 541 2980 versus
565 2937 681 2998 quoque
703 2921 761 2999 ipsi
776 2921 812 2981 de
828 2936 861 2978 sc
877 2917 1012 2997 probent.
1056 2916 1167 2975 Primus
1182 2913 1265 2973 libel·

259 3002 304 3063 lus
325 3013 544 3063 sacrosanctum
558 3003 648 3065 hahet
664 3014 787 3066 testem:
811 3001 980 3063 sumendum
996 3002 1071 3061 euim
1087 3009 1150 3060 erat
1166 2998 1266 3060 alcvc

260 3087 444 3166 principium.
490 3086 627 3151 Ceterum
644 3089 700 3148 lrcs
719 3105 840 3165 versus,
863 3104 937 3167 quos
953 3087 982 3147 in
998 3104 1102 3165 equum
1115 3085 1268 3147 maximum

259 3171 336 3247 leci,
360 3172 611 3249 indulgentissimo
631 3174 800 3252 imperatori
821 3182 942 3252 postero
962 3171 1026 3248 die,
1051 3188 1136 3250 quam
1151 3169 1266 3229 dedica-

259 3265 345 3315 verat
364 3273 458 3334 opus,
485 3257 601 3319 tradere
624 3260 719 3318 iussus
743 3275 814 3317 sum.
860 3257 981 3319 Potuisti
1002 3255 1091 3331 illud,
1115 3255 1194 3317 dicet
1216 3253 1267 3313 ali·

262 3342 343 3418 quis,
365 3349 396 3400 et
410 3350 477 3400 ante
491 3342 610 3403 vidisse.
656 3340 864 3421 Respondebis
878 3341 919 3403 illi
937 3349 981 3417 tu,
1001 3339 1094 3403 Stella
1107 3339 1268 3413 carissimep

262 3425 309 3503 qui
340 3424 549 3504 epithalamion
572 3437 665 3503 tuum,
695 3427 773 3504 qued
796 3425 864 3485 mihi
886 3427 1069 3500 iniunxeras,
1099 3424 1158 3483 scis
1179 3422 1267 3482 biduo

261 3511 410 3591 scriptum.
451 3509 600 3571 Audacter
615 3510 779 3580 melnercle3
803 3510 857 3570 sed
872 3519 968 3571 tamen
982 3502 1165 3569 cccxxvii
1178 3505 1268 3565 hexa-

261 3603 371 3654 metros
394 3593 491 3655 habet.
536 3595 580 3657 Et.
595 3595 722 3656 fortasse
746 3603 775 3656 tu
790 3611 846 3673 pro
862 3593 979 3673 collega
996 3591 1155 3652 mentieris.
1188 3587 1267 3649 uian-

263 3678 318 3739 lius
339 3686 424 3740 certe
443 3679 608 3758 Vopiscus,
630 3681 675 3740 vir
695 3679 904 3741 eruditissimus
920 3687 951 3739 et
966 3679 1014 3757 qui
1029 3674 1189 3759 praecipue
1206 3674 1267 3733 vin-
