3134 4434
302 423 343 488 38
644 437 677 486 a.
699 437 833 486 aarum
854 436 969 486 suurn

303 593 400 654 Mente
423 592 518 668 acuit,
540 592 593 654 sed
614 591 672 655 lida
693 594 756 654 rias
776 610 943 672 arcanaque
963 592 1069 652 coniux

304 681 461 746 Senserat;
481 686 571 757 utque
591 681 666 739 toris
687 680 781 758 primo
801 678 957 757 complexa
978 677 1094 737 iacebat

303 763 437 824 Aurorae
455 762 571 841 pallore
591 763 685 823 virum
704 762 807 838 ‘Quos
828 763 936 824 callide
956 772 1051 823 motus

304 847 434 922 Qnanrve
454 845 552 926 lugam
573 845 708 908 moliris?
729 849 785 924 ait,
805 847 846 908 uil
866 849 969 908 transit
990 855 1128 907 amantes.
1258 854 1314 911 335

304 933 423 1008 Sentio,
445 932 607 1011 pervigiles
628 941 735 992 acuunt
755 933 883 1012 suspiria
906 941 1038 1011 questus,

304 1016 464 1096 Numquam
484 1018 513 1077 in
534 1035 609 1097 pace
631 1033 733 1095 sopor.
772 1014 915 1090 Quotiens
935 1017 1011 1076 baec
1033 1033 1084 1075 ora
1107 1022 1208 1075 natare

304 1101 435 1163 Flatibus
454 1110 484 1162 et
503 1119 624 1180 magnas
646 1101 779 1162 latrantia
801 1112 924 1180 pectora
945 1120 1031 1162 curas

304 1187 429 1248 Admota
450 1186 601 1267 deprendo
621 1183 727 1246 manu?
766 1183 816 1246 Nil
836 1186 959 1249 foedere
976 1195 1064 1265 rupto

306 1269 484 1331 conubiisve
505 1288 596 1350 super
616 1288 738 1331 moveor
755 1270 902 1352 viduaque
923 1272 1055 1341 iuventa;
1255 1281 1312 1337 ato

304 1355 368 1415 Etsi
391 1355 497 1416 crudus
518 1372 615 1431 amor,
635 1355 760 1416 necdum
781 1367 850 1435 post
871 1357 1003 1417 dammea
1024 1357 1077 1416 toti

306 1440 465 1519 lntepuere
486 1441 558 1509 tori;
580 1449 630 1500 tua
649 1459 714 1517 me,
736 1442 904 1521 properabo
925 1440 1021 1516 lateri,

305 1525 394 1603 Angit
416 1533 509 1585 amata
530 1524 620 1586 salus
661 1525 742 1586 'lune
761 1527 961 1601 incomitatus,
983 1526 1101 1585 inermis

305 1608 408 1687 Regna
429 1606 535 1688 petes?
557 1611 728 1693 poterisque
750 1611 807 1671 tuis
829 1611 978 1672 decedere
1001 1608 1120 1685 Thebis,

306 1695 337 1753 Si
361 1691 471 1771 neget?
492 1704 580 1773 atque
601 1695 683 1755 illum
703 1694 801 1761 solers
823 1695 1006 1774 deprendere
1028 1713 1145 1773 semper
1224 1740 1227 1747 .
1259 1704 1313 1760 345

306 1777 394 1838 Fama
413 1776 520 1855 duces,
543 1779 679 1840 tumidum
700 1787 798 1839 narrat
820 1788 964 1860 raptoque
986 1780 1143 1858 superbum

305 1862 521 1943 Difficilemque
544 1863 611 1923 tibi:
632 1862 757 1925 necdum
777 1866 1000 1944 consumpserat
1018 1882 1131 1925 anunm.

306 1946 354 2007 ble
377 1965 494 2026 quoque
515 1966 591 2008 nnnc
610 1957 713 2025 vates,
731 1966 809 2009 nuno
829 1958 899 2010 e'xta
917 1950 1052 2009 minantia
1074 1951 1168 2023 divos,

274 2086 284 2113 ‚
306 2031 477 2092 notavium
497 2032 616 2112 lapsus,
636 2042 685 2094 aut
698 2033 812 2095 turbida
831 2035 928 2095 noctis
944 2034 1041 2110 imago

309 2116 444 2177 Territat.
480 2116 539 2196 Ab,
560 2119 687 2194 uramini,
705 2136 858 2198 numquam
874 2117 943 2178 mibi
960 2117 1036 2178 falsa
1050 2136 1104 2196 per
1121 2116 1237 2178 umbras
1258 2127 1314 2184 350

305 2200 378 2261 Iuno
401 2203 495 2264 venit!
541 2201 607 2277 Quo
630 2201 726 2264 tendis
746 2201 827 2264 iter‘l
848 2204 878 2264 ui
900 2204 1036 2265 conscius
1058 2203 1145 2262 ardor

306 2285 412 2362 Ducit,
436 2295 465 2347 ot
485 2286 521 2347 ad
540 2285 658 2348 Thebas
676 2289 781 2349 melior
803 2288 924 2350 socerl’
963 2287 1018 2348 llic
1038 2287 1130 2348 breve
1151 2286 1267 2347 tandem

306 2369 381 2430 Risit
401 2368 559 2432 Echionius
577 2373 690 2432 invenis
713 2382 904 2453 tenerumque
928 2372 1063 2434 dolorem

308 2451 448 2531 Coniugis
468 2456 606 2535 amplam
628 2455 757 2533 solatur,
780 2466 811 2517 et
830 2455 933 2518 oscula
954 2458 1076 2516 moestis

308 2537 494 2617 Tempestiva
518 2540 602 2616 genis
622 2542 721 2619 posuit
739 2540 935 2620 lacrimasque
957 2543 1116 2620 repressit:
1257 2551 1313 2608 355

369 2622 480 2683 ‘Solve
502 2633 595 2684 metus
617 2625 727 2701 auimo,
749 2624 878 2700 dabitur,
899 2625 1094 2701 mihicrede,
1118 2634 1279 2687 merentum

309 2704 447 2768 Consiliis
470 2708 625 2788 tranquilla
644 2707 726 2777 dies;
744 2718 775 2770 te
792 2709 899 2770 fortior
920 2710 1001 2770 annis

306 2790 441 2863 Nondum
464 2811 533 2853 cura
555 2793 653 2855 decet.
697 2793 777 2855 Sciat
794 2794 870 2855 baeu
889 2794 1037 2855 Saturnius
1060 2795 1130 2855 olim

307 2875 378 2938 Fata
401 2895 523 2958 parens,
545 2878 709 2959 oculosque
732 2879 803 2960 polo
825 2878 969 2941 dimittere
991 2881 1111 2960 siquos

308 2961 418 3022 lustitia
440 2972 469 3023 et
492 2972 604 3024 rectum
625 2965 711 3025 terris
732 2964 893 3026 defendere
917 2975 1008 3027 curat.
1258 2973 1314 3030 360

308 3043 384 3106 Fors
406 3046 499 3108 aderit
519 3048 571 3109 lux
592 3047 642 3110 illa
663 3048 733 3126 tibi,
754 3068 811 3128 qua
831 3051 946 3111 moenia
967 3068 1074 3112 cernes

312 3127 452 3208 Coniugis
474 3140 504 3195 et
524 3133 655 3210 geminas
676 3133 732 3194 ibis
751 3135 854 3212 regina
874 3153 930 3214 per
950 3134 1061 3196 urbes.'

374 3214 424 3275 Sic
445 3218 501 3293 ait,
525 3226 554 3276 et
577 3235 646 3278 caro
667 3220 770 3298 raptim
793 3237 827 3278 se
849 3219 945 3280 limine
968 3218 1090 3298 prolert.

310 3298 410 3374 Tydea
432 3300 488 3360 iam
507 3303 619 3362 socium
639 3304 771 3383 coeptis,
794 3305 850 3364 iarn
869 3313 992 3383 pectore
1014 3303 1072 3364 lido

309 3384 492 3462 Aequantem
514 3403 599 3446 curas
619 3421 662 3435 -ω
680 3395 776 3448 tantus
798 3397 867 3468 post
887 3389 980 3465 iurgia
999 3395 1111 3448 mentes
1258 3397 1311 3453 365

308 3468 409 3529 Vinxit
428 3485 509 3530 amor
530 3470 584 3532 -l
607 3487 802 3552 socerumque
824 3473 928 3535 allator
946 3472 1035 3531 tristis
1057 3471 1222 3534 Adrastum.

309 3553 355 3615 Fit
376 3570 456 3616 mora
480 3555 622 3633 consilio,
646 3574 732 3636 qunns
753 3557 842 3618 multa
863 3555 1044 3617 moventibus
1067 3576 1122 3618 uua

308 3638 369 3700 lam
390 3639 489 3718 potior
507 3641 617 3700 cunctis
641 3641 716 3703 sedit
737 3641 900 3718 sententia,
922 3640 1020 3701 fratris

309 3723 526 3804 Praetemptare
547 3724 634 3788 iidem
654 3734 792 3806 tutosque
811 3727 840 3787 in
857 3743 948 3806 regua
970 3725 1118 3805 precando

308 3846 449 3924 Αἱ
