3134 4434
297 437 337 499 414
632 448 664 498 4.
687 448 958 499 remansurum

298 605 413 674 14444444
435 620 541 665 moneo
561 620 717 683 regnorum
737 606 843 685 gaudia
861 615 952 667 temet

297 689 454 750 Dedoceas
473 690 645 769 patiensque
664 691 752 769 fugae
772 710 905 752 mereare
927 691 1057 752 reverti.i

359 772 491 835 Dixerat.
534 774 590 835 Ast
610 775 652 836 illi
672 777 761 836 tacito
785 775 838 836 sub
861 784 984 856 pectore
1005 776 1109 836 dudum
1245 784 1299 839 410

296 860 386 936 lguea
405 859 494 921 corda
514 858 652 929 iremunt;
673 860 750 921 iacto
770 861 852 922 velut
871 879 977 941 aspera
999 879 1072 921 saxo

298 942 434 1004 Cominus
457 943 578 1022 erigitur
598 962 738 1024 serpens,
759 945 806 1006 cui
830 944 932 1006 subter
953 947 1053 1006 inanes

296 1028 397 1106 Longa
417 1029 479 1089 sitis
501 1028 645 1106 latebras,
667 1038 806 1109 totosque
825 1031 931 1108 agitata
953 1047 1008 1109 per
1029 1038 1108 1090 artus

299 1111 449 1174 Convocat
469 1113 499 1172 in
519 1113 621 1174 fauces
643 1122 673 1173 et
693 1131 830 1193 squamea
855 1115 932 1174 colla
951 1132 1110 1175 venenum:

360 1195 505 1276 <Cognita
526 1197 552 1258 si
573 1197 668 1259 dubiis
685 1198 783 1259 fratris
800 1198 868 1258 mihi
888 1200 979 1277 iurgia
999 1200 1088 1276 signis
1243 1204 1295 1259 415

297 1284 373 1343 Ante
396 1282 509 1359 forent,
529 1300 587 1344 nec
605 1283 685 1344 clara
706 1283 838 1344 odiorum
858 1301 963 1344 arcana
984 1291 1128 1362 paterent,

297 1368 453 1429 Sufficeret
476 1367 526 1428 uel
544 1367 608 1428 sola
630 1368 720 1445 lidos,
746 1385 804 1447 qua
823 1377 923 1429 torvus
946 1377 977 1429 et
997 1367 1076 1429 illum

297 1452 394 1513 114444
415 1469 540 1530 gerens,
564 1469 618 1512 ceu
638 1461 722 1532 septa
743 1469 838 1513 novus
860 1453 916 1514 iam
935 1453 1048 1513 moenia
1069 1452 1149 1512 laxet

297 1536 423 1611 Fossor,
446 1546 476 1597 et
494 1536 618 1598 hostiles
638 1534 784 1598 inimicent
805 1538 929 1599 classica
946 1547 1064 1614 4444444,

296 1621 453 1682 Praeiuris.
485 1620 517 1681 ln
538 1620 651 1682 medios
673 1622 698 1681 si
719 1623 850 1683 cominus
869 1639 937 1683 orsa
958 1622 1077 1683 tulisses
1239 1627 1295 1682 tro

296 1706 431 1766 Bistonas
453 1715 500 1766 aut
520 1706 626 1784 refugo
649 1705 795 1785 pallentes
816 1707 881 1767 sole
903 1706 1043 1783 Gelonos,

296 1790 415 1851 Parcior
435 1790 565 1870 alloquio
588 1799 619 1850 et
637 1790 725 1852 medii
743 1794 928 1852 reverentior
948 1792 1033 1870 aequi

296 1874 462 1954 lucipores;
483 1892 580 1953 neque
602 1884 631 1936 te
653 1874 824 1937 furibundae
843 1876 960 1936 crimine
978 1875 1081 1935 mentis

297 1959 468 2037 Arguerim:
489 1960 620 2020 mandata
643 1960 749 2020 441444.
792 1960 876 2022 11444
897 1961 991 2021 omnia
1012 1957 1128 2039 quando

296 2043 385 2105 Plena
404 2045 504 2122 ruinis,
527 2062 583 2106 nec
606 2054 722 2126 sceptra
744 2045 802 2107 lide
823 2063 879 2106 nec
899 2063 974 2126 pace
996 2053 1149 2124 sequestra
1238 2049 1294 2104 425

296 2129 436 2207 Poseitis,
460 2139 489 2191 et
510 2129 617 2209 capulo
639 2132 762 2211 propior
779 2147 897 2192 manus:
919 2130 994 2191 baec
1014 2147 1079 2189 mea
1100 2125 1165 2203 regi

296 2215 456 2292 Argolico,
479 2215 603 2276 nondum
625 2232 719 2294 aequa
740 2216 812 2292 tuis,
835 2217 901 2276 vice
920 2215 996 2276 dicta
1018 2221 1154 2293 reporta:

359 2299 460 2374 ‘Quae
484 2316 550 2360 sors
570 2300 645 2360 iusta
666 2300 750 2377 mihi,
771 2318 847 2380 quae
868 2317 927 2360 non
951 2298 1095 2360 indebitus
1116 2296 1197 2357 annis

297 2387 420 2463 Sceptra
442 2385 549 2444 dicavit
569 2382 681 2460 honos,
701 2393 789 2445 teneo
808 2385 985 2464 longumque
1007 2383 1124 2443 tenebo.

283 2468 339 2555 ITe
360 2485 451 2546 penes
471 2466 606 2528 Inachiae
626 2467 731 2528 dotalis
750 2470 834 2546 regia
852 2469 928 2528 dono
1238 2475 1294 2530 430

298 2551 453 2628 Coniugis,
476 2560 506 2611 44
526 2549 645 2611 Danaae
662 2585 705 2599 —
726 2551 794 2631 quid
817 2553 892 2612 enim
912 2550 1069 2612 maioribus
1087 2554 1158 2612 aetis

295 2632 464 2697 invideam?
484 2670 526 2680 -
546 2635 727 2696 cumulentur
748 2654 838 2716 opes;
857 2635 993 2697 felicibus
1012 2634 1111 2713 Argos

294 2721 442 2800 Auspiciis
463 2720 644 2799 Lernamque
665 2738 771 2799 regas:
789 2737 844 2781 nos
864 2721 982 2782 horrida
1002 2720 1108 2783 Dirces

293 2807 404 2868 Pascua
425 2814 454 2866 et
471 2803 610 2866 Euboicis
632 2814 757 2866 arctatae
778 2805 912 2867 lluctibus
934 2823 1012 2884 oras,

294 2891 361 2952 Non
381 2891 519 2968 indignati
540 2891 676 2951 miserum
695 2889 806 2951 dixisse
823 2898 974 2972 parentem
1237 2898 1290 2953 435

295 2975 482 3053 Oedipoden:
505 2973 557 3036 tibi
578 2975 659 3053 larga
681 3010 723 3022 --
741 2975 851 3058 Pelops
876 2985 906 3037 et
923 2975 1061 3037 Tantalus
1083 2983 1185 3035 auctor
1205 3008 1248 3019 -

293 3059 454 3138 Nobilitas,
477 3060 657 3141 propiorque
678 3059 748 3121 fluat
768 3061 805 3123 de
828 3062 967 3139 sanguine
986 3061 1083 3121 iuncto

293 3144 433 3224 luppiter.
477 3145 560 3205 Anne
581 3145 658 3206 leret
677 3145 747 3205 luxu
766 3154 907 3207 consueta
928 3154 1052 3225 paterno

293 3228 376 3289 Hunc
396 3230 496 3306 regina
516 3226 627 3290 larem?
646 3238 765 3290 nostrae
785 3232 831 3291 cui
853 3231 916 3290 iure
935 3246 1056 3290 sorores

293 3314 389 3373 Anxia
409 3330 500 3392 pensa
520 3310 651 3373 trahant?
672 3313 762 3390 longo
781 3331 867 3394 quam
884 3314 1000 3375 sordida
1020 3313 1098 3374 luctu
1237 3321 1290 3376 sto

293 3397 402 3473 Mater,
427 3405 457 3457 et
475 3414 514 3456 ex
531 3396 595 3456 imis
617 3397 730 3460 auditus
751 3398 829 3460 forte
849 3397 980 3460 tenebris

294 3481 427 3544 Offeudat
449 3498 538 3542 socer
558 3482 610 3542 ille
632 3499 733 3543 senex.
768 3483 828 3546 lam
847 3492 971 3564 pectora
992 3482 1072 3560 vulgi

291 3568 462 3628 1144444444
482 3568 568 3645 iugo:
591 3567 681 3646 pudet
699 3566 768 3629 14441
791 3567 948 3648 plebisque
973 3577 1152 3648 patrumque,

292 3651 337 3712 Ne
359 3654 466 3713 totiens
486 3653 597 3712 incerta
617 3651 713 3713 ferant
733 3661 900 3733 mutentque
920 3662 1071 3729 gementes

292 3737 417 3816 lmperia
436 3746 466 3799 et
485 3736 574 3799 dubio
592 3738 692 3818 pigeat
712 3754 819 3819 parere
835 3747 967 3815 tyranno.
1236 3747 1289 3801 445
