3134 4434
585 461 874 519 annomeoque.
895 462 968 515 uun.
1212 450 1271 513 tou

349 619 387 678 At
408 635 465 678 non
486 618 633 680 sidonien
652 616 813 678 diuersaiu
835 625 916 695 parte
940 635 993 695 ner
1008 616 1124 683 urheru-

282 701 348 763 Nox
370 702 485 772 eadem;
509 704 591 765 ramo
612 703 774 781 producunt
793 702 891 763 sidem
911 701 983 763 ludo.

280 788 356 847 Ante
377 787 478 847 domos
500 789 647 867 intraque,
668 788 809 867 ipsaeque
828 786 865 855 ed
883 786 998 857 moenia
1017 795 1169 853 mannent,
1224 796 1276 851 uto

282 871 447 941 Excubiae3
466 873 580 949 gemina
601 890 670 935 aera
691 880 796 933 sonant
815 870 961 950 Idaeaque
982 879 1067 949 terge
1153 922 1157 931 .

282 956 320 1017 Et
338 956 485 1017 moderata
505 975 605 1019 sonum
623 957 704 1019 vario
725 957 882 1035 spiramine
903 955 1008 1019 buxus.
1044 1022 1047 1027 ,
1111 1010 1115 1023 ,

282 1041 362 1101 'lune
385 1041 485 1101 dulces
506 1059 630 1121 superos
649 1050 736 1120 atque
758 1058 843 1102 omne
865 1041 1022 1105 eumdum
1043 1038 1186 1103 alumnum

281 1125 392 1185 Numen
412 1125 518 1204 ubique
537 1128 614 1188 saeri
635 1135 773 1189 resonant
792 1126 938 1202 Paeones,
960 1124 1066 1205 ubique

282 1212 367 1270 Serta
393 1220 617 1290 coronatumque
634 1229 752 1275 merum
794 1209 877 1281 Nune
897 1210 998 1271 lunera
1019 1209 1113 1281 rident
1206 1216 1273 1281 ,225

282 1294 408 1372 Auguris
431 1296 721 1374 ignari‚-.eontraque
741 1297 769 1356 in
790 1304 923 1374 tempore
944 1302 1057 1367 certant¹
1101 1348 1115 1361 .‚
1150 1314 1152 1319 ·
1208 1352 1211 1359 ,

282 1379 422 1448 Tiresiam
443 1378 561 1440 laudare
582 1398 681 1449 suum;
702 1399 777 1442 nune
794 1380 872 1447 laeta
894 1379 1048 1441 revolvunt
1111 1434 1115 1447 ‚

281 1462 420 1522 llaiorum
441 1473 617 1544 veteresque
638 1474 742 1527 eanuut
763 1464 801 1527 nb
820 1465 932 1542 origine
955 1462 1081 1525 Thebas.
1128 1500 1133 1539 :
1186 1528 1190 1535 ,

281 1547 317 1607 Ηί
337 1565 415 1607 mare
436 1548 584 1610 Sidonium
604 1549 910 1629 manibusqueattrita
929 1548 1066 1619 lomnes
1159 1567 1163 1575 '

284 1629 398 1692 Cornua
422 1642 451 1693 et
473 1633 582 1711 ingenti
602 1634 746 1703 auleatum
763 1633 976 1707 Nereatauro,
1007 1672 1029 1689 -.
1165 1680 1169 1693 .
1220 1638 1275 1695 2³0

281 1717 316 1776 lli
337 1715 472 1777 Cadmum
495 1717 657 1796 lassamque
678 1718 783 1781 bouem
802 1719 958 1798 foetosque
980 1717 1091 1781 cruenti

281 1801 381 1861 Martis
401 1819 505 1878 egros,
529 1803 579 1863 alii
598 1802 713 1879 Tyrium
733 1805 969 1882 reptantiaaaxa

281 1886 327 1946 Ad
350 1885 455 1961 chelyn
473 1895 503 1951 et
523 1888 609 1951 duras
630 1888 803 1955 minentem
823 1887 985 1968 Amphiona
1003 1895 1113 1963 cautes,

281 1970 316 2030 Hi
335 1970 482 2048 gravidam
502 1972 656 2049 Semelen,
681 1974 724 2035 illi
745 1971 902 2049 Cythereia
922 1973 1038 2036 laudant

282 2052 411 2116 Conubia
433 2065 462 2115 et
482 2056 570 2118 multa
590 2057 745 2121 deductum
765 2057 898 2136 lampade
917 2057 1035 2118 lratrum
1219 2063 1272 2119 235

279 2138 467 2200 Harmouien:
490 2140 575 2201 nullis
596 2141 684 2203 deest
702 2160 754 2205 saa
772 2140 870 2203 nunu
890 2142 1008 2205 mensis.

282 2222 343 2284 Ceu
363 2224 448 2285 modo
469 2227 668 2302 gemmiferum
689 2226 791 2302 thyrso
812 2226 967 2306 populatus
984 2224 1141 2304 Hydaspen

280 2308 418 2388 ansque
440 2309 558 2387 domos,
582 2311 659 2389 nigri
676 2311 785 2377 vexilla
801 2310 938 2391 triumphi
1154 2372 1157 2377 .

281 2393 367 2455 Liber
389 2404 418 2454 et
439 2395 555 2472 ignotos
576 2396 694 2476 populis
713 2395 884 2461 ostenderet
903 2395 1001 2457 Indos.
1103 2456 1106 2461 .

345 2478 415 2539 Tum
426 2481 546 2558 primum
559 2480 595 2541 ad
606 2490 709 2543 ooetus
724 2482 883 2561 soaiaeque
898 2481 935 2543 ad
949 2478 1071 2545 foedera
1083 2494 1201 2543 mensae
1220 2481 1274 2541 240

282 2566 405 2642 Semper
425 2565 623 2644 inadspeotum
645 2566 764 2646 dunque
787 2568 815 2627 in
836 2567 910 2631 sede
929 2566 1065 2629 latentem

281 2648 453 2727 Oedipoden
475 2652 573 2710 exisse
594 2650 708 2728 lerunt,
727 2651 865 2731 vultuque
886 2667 993 2713 sereno

281 2730 427 2792 Canioiem
450 2735 559 2811 nigram
580 2736 718 2815 squalore
740 2746 770 2798 et
788 2736 906 2799 sordida
926 2735 999 2796 lusis
1059 2776 1063 2782 -

282 2816 340 2876 Ora
362 2819 450 2877 eomis
472 2818 588 2881 laxasse
611 2836 712 2895 manu,
736 2822 905 2900 sosiumque
926 2819 1069 2895 benignos

282 2900 394 2960 Allatas
417 2911 446 2960 et
467 2901 571 2969 mecla
590 2904 670 2982 Prius
689 2904 794 2965 solatia
813 2922 945 2983 passum:
1091 2942 1094 2949 -
1221 2904 1273 2961 245

282 2984 357 3058 Quin
374 2984 505 3045 hausisse
526 2986 618 3066 dapes
639 2986 865 3068 insiccatumque
887 3003 1022 3049 eruorem

280 3069 434 3130 Deieoisse
452 3071 547 3148 genis.
589 3069 717 3133 Cunctos
736 3073 872 3152 auditque
891 3071 1051 3151 refertque,

281 3155 337 3226 Qui
357 3153 453 3215 Ditem
474 3164 504 3215 et
522 3154 624 3217 Furias
644 3165 751 3218 tautum
768 3166 799 3221 et
819 3158 844 3219 si
865 3156 980 3238 quando
1001 3163 1153 3234 regentem

282 3239 447 3316 Antigonen
469 3241 589 3303 moestis
608 3241 711 3303 solitus
731 3243 849 3321 pulsare
870 3241 1008 3322 querelis.
1106 3304 1109 3310 ,

281 3321 376 3383 Causa
397 3324 477 3385 latet.
516 3325 581 3386 Non
603 3326 678 3389 huno
692 3326 775 3403 Tyrii
790 3328 852 3389 lors
873 3344 1018 3407 prospera
1038 3323 1123 3401 belli,
1221 3331 1275 3387 250

282 3407 401 3468 'lantum
419 3409 497 3471 bella
518 3412 629 3481 iuvante
652 3421 746 3475 natum
763 3411 951 3493 hortaturque
972 3409 1144 3491 probatque,

280 3491 345 3553 Nee
362 3495 469 3555 vicisse
491 3496 578 3565 velit;
600 3497 653 3559 sed
667 3498 785 3576 ¹primus
802 3498 931 3559 eominus
953 3514 1040 3565 entes
1084 3562 1088 3567 ,

282 3577 320 3637 Et
345 3579 598 3643 scelerum-meite
619 3583 737 3643 rimatur
756 3583 868 3643 semina
888 3591 979 3653 voto„
1017 3624 1020 3629 -
1086 3622 1091 3643 .

281 3661 350 3723 lnde
374 3664 479 3744 epulae
500 3665 603 3727 dulees
623 3668 781 3748 ignotaque
802 3666 907 3744 gaudie
922 3667 1014 3751 :vulta
1097 3699 1150 3745 ···=t·

281 3745 389 3819 Qualis
405 3759 473 3830 post
495 3749 601 3830 longae
622 3750 751 3819 runem
766 3752 878 3817 ieiunia
892 3768 1046 3835 qoeuneq,
1235 3748 1300 3803 Ἢ*
