3134 4434
605 457 784 518 SILVARUH
804 468 839 517 Ia.
859 467 906 517 IV.

257 621 386 685 besides
407 620 512 699 Baiae,
535 619 672 682 liticenve
692 631 778 684 notus

426 705 563 767 Hectoris
584 707 680 767 armis.

260 830 379 912 Torpor
399 839 446 891 est
465 831 573 892 nostris
593 832 656 892 sine
675 841 704 892 te
724 829 889 911 camoenis,

260 914 385 976 Tardius
407 925 491 976 sueto
514 916 593 976 venit
611 918 675 995 ipse
697 915 860 992 Thymbrae

260 999 388 1078 Raetor,
414 1009 444 1060 et
466 1001 566 1079 primis
588 1019 670 1061 meus
691 1019 764 1062 ecoe
781 1003 867 1063 metis

417 1082 534 1146 -Haeret
554 1083 698 1147 Achilles.

259 1208 378 1288 Quippe
398 1217 429 1269 te
450 1209 508 1272 iido
529 1210 673 1270 monitore
694 1220 794 1272 nostra

258 1292 389 1354 Thebais
410 1295 499 1356 muita
521 1294 736 1355 oruoiata'lima

259 1376 395 1457 Temptat
416 1380 519 1440 audaci
537 1379 596 1440 fide
615 1379 787 1442 Mantuanae

426 1462 534 1524 Gaudia
557 1463 661 1523 famae.

257 1588 318 1651 Sed
339 1588 440 1650 damus
461 1588 541 1649 lento
564 1589 695 1665 veniam,
719 1587 799 1669 quod
822 1589 896 1654 alma

257 1673 346 1734 Prole
369 1673 494 1734 fundasti
514 1692 625 1735 vaouoa
648 1683 780 1754 penates.
832 1670 835 1675 ’

258 1757 282 1818 0
303 1758 381 1820 diem
401 1757 523 1819 laetum!
545 1760 625 1818 venit
645 1776 717 1820 ecoe
740 1758 826 1821 nobis

427 1841 569 1904 Maximus
591 1843 675 1904 alter.

259 1968 377 2030 Orbitas
396 1971 473 2029 omni
494 1969 630 2046 fugienda
650 1970 726 2046 nisu,

259 2053 351 2127 Quam
373 2055 480 2133 premit
498 2057 575 2114 votis
595 2054 725 2113 inimieus
745 2053 844 2130 heres,

258 2135 376 2218 'Optimo
400 2155 529 2217 posoens
550 2139 641 2216 pudet
661 2137 733 2198 heu!
755 2140 949 2218 propinquum

422 2221 521 2284 Funus
543 2224 646 2284 amieo.

258 2347 376 2410 Orbitas
396 2349 477 2410 nullo
499 2349 637 2410 tumulata
658 2347 738 2410 fletu.

257 2434 322 2494 Stat
344 2433 431 2493 domo
453 2443 538 2513 capta
561 2430 683 2513 cupidus
701 2442 854 2513 superstes

257 2516 404 2580 luminans
422 2519 475 2578 leti
493 2518 594 2599 spoliis
614 2528 643 2578 et
661 2519 756 2597 ipsum

426 2600 580 2683 Computat
598 2603 704 2682 iguem

256 2728 353 2789 Duret
373 2729 402 2788 iu
423 2727 540 2806 longum
561 2746 723 2806 generosus
746 2729 851 2806 inians,

256 2812 373 2894 Perque
392 2831 449 2873 non
471 2814 568 2873 multis
589 2815 645 2876 iter
667 2815 835 2895 expeditum

258 2896 384 2959 Crescat
404 2900 433 2958 in
454 2916 554 2958 mores
569 2898 681 2978 patrios
703 2916 846 2980 avumque

423 2983 570 3043 Provocat
589 2982 678 3044 aotis!
709 3027 712 3032 -

257 3108 300 3170 'l'u
321 3118 388 3169 tuos
410 3125 502 3187 parvo
525 3108 700 3168 memorabis
723 3127 823 3185 enses,

255 3192 340 3268 Quos
362 3193 398 3255 ad
421 3191 518 3252 Eoum·
534 3193 637 3253 tuleris
659 3191 799 3254 Orontem

256 3279 348 3357 Signa
370 3278 501 3338 frenatae
523 3277 689 3338 moderatus
710 3279 775 3340 alae

423 3360 546 3424 Castore
569 3362 689 3432 dextro;

253 3487 310 3548 ille
329 3497 360 3549 ut
380 3487 479 3547 invieti
500 3487 631 3566 rapidum
652 3497 770 3548 secutus

255 3569 394 3633 Caesaris
416 3571 527 3633 fulmen
548 3573 661 3649 refugis
689 3589 816 3633 amaram

254 3658 396 3719 Sarmatis
419 3656 519 3733 legem
538 3656 670 3736 dederit,
692 3656 744 3718 sub
765 3673 825 3717 uno

419 3740 530 3802 Vivere
549 3741 648 3802 coeio.
