3134 4434
254 428 258 437 ‘
309 438 349 500 32
650 452 682 500 m
705 414 839 500 exesum
861 449 976 500 suurn

308 607 359 669 Sic
379 615 479 683 tener,
502 615 569 666 ante
590 606 672 666 diem·
687 606 767 667 vultu
790 623 954 685 gressuque
976 606 1107 685 superbo

307 691 429 751 Vicerat
450 691 595 768 aequales·
612 691 790 768 multumque
810 692 971 769 reliquerat
991 707 1091 750 annos.

309 777 380 837 Sive
403 777 543 836 catenatis
566 784 702 835 curvatus
723 774 853 836 membra
876 775 1032 854 palaestris

309 862 423 936 Staret,
446 859 607 949 Amyclaea
629 869 805 938 conceptum
826 868 918 920 matre
942 868 1071 939 putares,

309 944 473 1005 Oebaliden
493 944 545 1003 illo
568 961 715 1022 praeceps
736 952 862 1004 mutaret
880 943 1003 1022 Apollo,

308 1029 430 1089 Alcides
453 1037 591 1107 pensaret
604 1026 718 1104 Hylam
741 1047 796 1088 seu
820 1026 922 1089 Graius
945 1029 1050 1089 amictu

309 1114 407 1174 Attica
426 1112 542 1174 facundi
563 1113 736 1173 decurreret
755 1129 825 1173 orsa
845 1111 1007 1188 Menandri,

307 1198 450 1260 Laudaret
471 1198 574 1275 gavisa
597 1215 700 1257 sonum
724 1198 893 1276 crinemque
917 1197 1057 1257 decorum

307 1282 462 1360 Fregisset
483 1299 572 1342 rosea
596 1282 706 1342 lasciva
730 1281 832 1342 Thalia
856 1298 979 1350 corona;

307 1366 472 1428 Maeonium
495 1369 557 1426 sive
576 1367 629 1426 ille
651 1383 751 1426 senem
775 1364 941 1445 Troiaofle
964 1365 1084 1426 labores

307 1450 444 1529 Diceret,
470 1460 518 1512 aut
541 1469 627 1511 casus
649 1451 732 1511 tarde
754 1452 911 1510 remeantis
934 1451 1023 1526 Ulixi,

256 1553 261 1559 ’
307 1536 376 1615 Ipse
396 1546 481 1614 pater
502 1553 623 1611 sensus,
646 1537 704 1614 ipsi
726 1545 865 1613 stupuere
887 1536 1026 1612 magistri.

375 1619 497 1680 Scilicet
517 1620 641 1680 infausta
665 1619 970 1683 lachesistcunabula
994 1619 1097 1678 dextra

309 1706 429 1782 Attigit,
456 1715 485 1764 et
506 1706 617 1782 gremio
640 1721 762 1782 puerum
785 1704 940 1782 complexa
962 1703 1082 1763 fovebat

307 1790 434 1850 Invidia:
458 1788 508 1849 illa
528 1807 620 1866 genas
642 1788 961 1849 etadultum‘comere
983 1788 1092 1847 crinem

308 1873 345 1934 Et
367 1882 529 1934 monstrare
550 1882 628 1934 artes
651 1882 681 1934 et
701 1873 792 1932 verba
811 1871 992 1950 refringere,
1016 1889 1091 1949 quae
1113 1887 1189 1930 nunc

307 1959 482 2034 Plangimus.
524 1957 689 2018 Herculeos
712 1959 794 2018 annis
815 1975 943 2035 aequare
966 1955 1086 2017 labores

309 2041 458 2121 Coeperat
480 2060 655 2119 assurgens,
682 2042 736 2102 sed
758 2042 852 2102 adhuc
874 2043 992 2102 infantia
1012 2043 1110 2100 mixta.
1266 2049 1318 2102 125

217 2162 220 2169 ·
307 2126 367 2187 lam
388 2136 482 2186 tamen
504 2136 534 2186 et
556 2127 645 2186 validi
667 2145 790 2203 gressus
811 2144 1005 2205 mensuraque
1027 2126 1119 2186 maior

309 2210 457 2284 Gultibus,
485 2221 514 2270 et
536 2213 618 2271 visae
641 2229 734 2289 puero
756 2212 936 2271 decrescere
957 2219 1069 2286 vestes,

310 2296 404 2370 Quum
426 2295 495 2370 tibi,
519 2314 591 2374 quas
612 2306 730 2370 vestes,
755 2313 830 2374 quae
853 2312 911 2354 non
932 2295 1093 2372 gestamina
1113 2294 1188 2354 mitis

308 2379 476 2440 Festinabat
497 2377 610 2440 herus?
643 2380 787 2439 Brevihus
811 2380 1015 2456 constringere
1037 2379 1129 2457 laenis

308 2464 433 2524 Pectora
458 2472 487 2523 et
508 2473 630 2540 angusta
651 2464 726 2523 telas
746 2465 856 2524 iactare
878 2463 997 2524 lacerna

308 2548 427 2608 Enormi
449 2565 515 2606 non.
530 2548 581 2607 ille
603 2550 718 2623 sinens,
745 2548 798 2607 sed
819 2566 938 2626 semper
958 2548 997 2609 ad·
1015 2563 1106 2607 annos

310 2633 403 2693 Texta
426 2631 529 2707 legens
551 2632 638 2691 modo
662 2632 788 2692 Puniceo
810 2632 931 2693 velabat
952 2634 1069 2707 amictu,

222 2784 229 2796 Ι
309 2716 392 2777 Nunc
413 2716 520 2775 herbas
542 2717 670 2776 imitante
690 2718 771 2793 sinu,
795 2734 870 2775 nuno
892 2717 979 2777 dulce
1002 2715 1117 2776 rubenti

308 2799 437 2876 Murice,
459 2819 535 2860 nunc
556 2800 630 2860 vivis
652 2801 759 2878 digitos
783 2801 942 2861 incendere
965 2802 1085 2877 gemmis

310 2884 475 2953 Gaudebat;
501 2902 559 2944 non
580 2885 665 2945 turba
688 2903 799 2961 eomes,
822 2902 880 2945 non
902 2903 1021 2944 munera
1045 2891 1176 2944 cessant:
1267 2891 1317 2945 135

309 2970 380 3030 Sola
400 2970 568 3034 verecundo
590 2970 693 3030 deerat
715 2978 868 3048 praetexta
891 2969 1002 3028 decori.

373 3053 454 3113 llaec
478 3054 592 3114 lortuna
611 3055 722 3114 domus.
765 3052 914 3114 Sub'itas
907 3055 1021 3113 mimica
1042 3051 1151 3111 levavit

308 3138 400 3198 Paroa
419 3155 528 3197 manns.
572 3138 654 3214 Quo,
677 3139 759 3213 diva,
783 3138 864 3197 feros
887 3139 985 3214 gravis
1007 3137 1106 3196 exeris
1126 3131 1262 3210 ungues?

308 3221 375 3283 Non
394 3230 423 3280 te
446 3222 539 3282 forma
560 3231 675 3297 movet,
698 3239 755 3280 non
776 3231 806 3282 te
829 3221 1015 3281 lacrimabilis
1037 3215 1141 3280 aetas?

307 3306 391 3366 lluuc
414 3323 470 3365 nec
493 3323 582 3366 saeva
603 3306 667 3365 viro
692 3308 836 3384 potuisset
858 3323 981 3383 carpere
1002 3305 1125 3379 Procne,
1268 3311 1319 3364 140

309 3389 373 3450 Nec
393 3389 456 3448 fera
479 3389 615 3450 crudeles
636 3387 757 3449 Colchis
777 3391 913 3450 durasset
932 3390 959 3447 in
980 3391 1049 3465 iras,

308 3473 410 3535 Editus
433 3473 539 3533 Aeolia
562 3492 620 3533 nec
641 3475 666 3532 si
689 3474 767 3533 foret
788 3476 843 3534 iste
869 3472 995 3539 Creusa;

309 3558 423 3618 Torvus
446 3558 540 3617 adhue
564 3558 703 3618 Athamas
726 3559 844 3618 insanos
865 3558 1000 3617 ilecteret
1023 3574 1122 3623 arcus;

307 3642 389 3702 Hune
412 3659 584 3721 quamquam
604 3642 769 3702 Hectoreos
792 3643 907 3702 cineres
931 3642 1106 3720 'Troiamque
1131 3654 1258 3716 perosus

309 3726 450 3787 Turribus
472 3745 488 3785 e
508 3726 642 3804 Phrygiis
663 3726 765 3786 desset
787 3728 926 3789 missurus
945 3725 1057 3786 Ulixes.
1269 3732 1320 3784 145
