3134 4434
438 452 1072 525 r.rsanrnsnarus1urannun.v.
1215 462 1257 525 95
1330 468 1335 481 ·

257 625 319 689 Sed
337 626 471 690 mortalis
489 627 601 705 honos,
623 628 709 707 agilis
730 644 817 708 quem
836 626 939 689 dextra
958 626 1081 692 laborat.
1224 644 1259 697 ιο

320 710 384 773 Nos
404 711 472 790 tubi,
495 712 602 775 laudati
622 713 735 774 iuvenis
756 713 903 774 rarissima
925 712 1042 790 coniux,

255 796 360 876 Longu
379 814 437 858 neo
459 797 614 859 obscurum
637 798 721 859 linem
743 797 836 859 latura
858 798 981 876 perenni

258 882 447 963 'l'emptamus
466 881 537 944 dare
558 883 633 943 iusta
654 883 731 959 lyra3
754 882 842 943 modo
862 882 967 943 dexter
987 879 1097 960 Apollo

256 968 377 1048 Quique
397 968 478 1028 venit
497 969 595 1027 iuncto
616 967 685 1028 milri
706 985 825 1046 semper
845 965 985 1046 Apolline
1009 962 1129 1043 Caesar,

256 1052 384 1112 Annnat.
423 1050 506 1112 llaud
525 1051 583 1113 alio
602 1052 706 1113 melius
727 1051 857 1114 condere
877 1050 1027 1130 sepulcro.
1224 1061 1258 1116 15

319 1137 396 1197 Sera
416 1136 532 1215 quidem
552 1143 631 1197 tanto
654 1136 772 1197 struitur
789 1136 933 1197 medicina
954 1134 1061 1212 dolori,

256 1222 362 1283 Altera
384 1237 472 1300 quum
491 1220 643 1281 volucrem
662 1220 774 1282 Phoebi
795 1229 860 1282 rota
878 1227 1014 1300 torqueat
1035 1237 1152 1287 annum;

257 1306 319 1369 Sed
342 1321 429 1384 quum
449 1304 539 1384 plaga
559 1322 666 1365 recens
688 1314 717 1366 et
739 1305 834 1366 adhue
853 1305 882 1365 in
903 1304 1026 1364 vulnere
1046 1305 1139 1383 primo

258 1391 360 1467 Aegra
381 1388 483 1450 domus
506 1398 610 1469 questu
631 1390 824 1468 miseramque
846 1406 987 1449 accessus
1007 1388 1044 1449 ad
1066 1406 1164 1450 aurem

260 1473 402 1551 Coniugis
423 1472 532 1551 orbati,
555 1481 624 1534 tunc
641 1473 714 1534 llere
733 1482 764 1534 et
786 1473 920 1534 scindere
941 1481 1043 1533 vestes
1224 1485 1260 1539 no

258 1557 298 1620 Et
315 1557 441 1619 famulos
462 1557 576 1618 lassare
596 1575 706 1636 greges
727 1565 757 1618 et
777 1557 897 1618 vincere
920 1556 1053 1637 planctus

258 1642 391 1721 Fataque
413 1643 587 1703 et'iniustos
608 1642 717 1703 rabidis
740 1641 859 1721 pulsare
881 1641 1011 1720 querelis

259 1726 431 1790 Coelicolas
450 1725 582 1786 solamen
599 1735 671 1787 erut.
702 1727 795 1788 licet
813 1728 879 1806 ipse
899 1726 1041 1787 levandos

258 1811 306 1874 Ad
324 1812 453 1890 gemitus
474 1810 557 1870 silvis
579 1812 730 1872 comitatus
752 1819 782 1872 et
807 1810 938 1872 amnibus
959 1809 1094 1889 Orpbeus

257 1897 395 1972 Alloret,
417 1904 505 1974 atque
528 1898 620 1955 omnis
641 1897 751 1975 pariter
774 1904 931 1956 matertera
951 1903 1059 1973 vatem,
1225 1909 1260 1963 25

258 1981 361 2042 Omnis
381 1978 556 2060 Apollineus
576 1988 693 2058 tegeret
711 1979 879 2060 Bacchique
901 1980 1053 2057 sacerdos,

261 2064 310 2126 llil
329 2073 449 2140 cantus,
471 2063 512 2124 nil
530 2063 595 2140 fila,
618 2064 682 2125 deis
704 2064 841 2144 pallentis
859 2065 970 2125 Averni

262 2148 510 2229 Eumenidumque
532 2149 628 2209 audita
649 2150 756 2226 comis,
779 2149 910 2209 mulcere
931 2147 1072 2208 valerent.

262 2234 370 2297 Tantus
394 2233 424 2292 iu
445 2233 565 2293 attonito
586 2231 730 2310 regnabat
750 2241 873 2312 pectore
896 2231 1005 2293 luctus!

259 2318 346 2381 Nunc
367 2318 453 2379 etiam
475 2316 511 2378 ad
531 2317 666 2397 plauctus
687 2317 797 2395 refugit
817 2317 872 2378 iam
896 2318 983 2397 plana
1001 2316 1133 2395 cicatrix,
1226 2328 1261 2384 30

259 2404 338 2467 bum
359 2403 486 2465 cauimus
508 2401 704 2482 gravibusque
727 2403 822 2464 oculis
842 2403 963 2463 uxorius
982 2402 1069 2462 instat

258 2488 368 2552 Imber.
411 2486 563 2547 Habentne
581 2488 648 2567 pios
669 2487 821 2548 etiamnum
838 2487 944 2549 lumina
963 2484 1073 2547 betus‘l

259 2573 336 2635 Hira
356 2571 444 2633 fides!
475 2568 566 2631 Citius
588 2572 723 2649 genetrix
741 2567 862 2652 Sipylea
882 2572 996 2633 feretur

259 2658 442 2719 Exhausisse
463 2674 571 2734 genas3
592 2658 677 2717 citius
697 2656 849 2719 Tithonida
870 2659 976 2727 moesti

258 2741 409 2803 Deficient
429 2758 529 2819 rores,
551 2749 599 2801 aut
620 2743 745 2803 exatiata
763 2742 881 2803 iatisoet
1225 2752 1260 2807 et>

259 2824 356 2888 blaten
377 2823 523 2886 Achilleis
539 2825 650 2886 hiemes
671 2826 828 2905 effringere
850 2826 953 2887 bustis.

328 2908 425 2971 blaete
444 2909 545 2970 animi!
586 2909 675 2971 Notat
695 2913 749 2972 ista
770 2912 860 2987 deus,
883 2912 932 2989 qni
952 2910 1045 2971 flectit
1064 2909 1193 2973 habenas

261 2994 350 3056 Orbis
371 3003 402 3055 et
422 2994 561 3056 humanos
582 2996 705 3074 propior
725 2993 797 3055 love
818 2995 926 3072 digerit
950 3003 1042 3072 actus,

260 3079 504 3158 bloerentemque
522 3078 603 3139 videt
622 3079 751 3158 lectique
773 3097 880 3141 aroana
900 3077 1021 3138 ministri

260 3164 336 3226 Hinc
357 3165 443 3225 etiam
464 3163 637 3225 documenta
659 3164 754 3243 capit,
775 3164 854 3243 qnod
875 3163 972 3241 diligis
993 3162 1122 3226 umbram
1227 3175 1262 3230 lo

261 3248 302 3310 Er
325 3249 399 3310 colis
421 3249 573 3329 exequias.
616 3247 672 3308 llic
694 3257 740 3309 est
760 3248 940 3310 castissimus
961 3249 1059 3326 ardor,

261 3333 319 3395 llio
339 3350 420 3394 amor
442 3351 459 3394 a
480 3333 597 3394 domino
619 3334 738 3394 meritus
760 3351 887 3395 censore
906 3332 1036 3414 probari.

261 3417 328 3479 Nec
348 3418 466 3495 mirum,
489 3418 514 3478 si
535 3435 591 3479 vos
611 3418 720 3479 collato
741 3428 865 3499 pectore
888 3419 994 3479 mixtos

261 3502 359 3564 lunxit
375 3502 528 3583 inabrupta
547 3503 706 3564 concordia
727 3503 816 3582 longa
837 3512 950 3565 catena.

327 3587 382 3650 llla
404 3588 521 3667 quidem
540 3597 717 3667 nuptumque
740 3589 822 3667 prior
838 3588 1000 3667 taedasque
1021 3589 1122 3650 marito
1225 3596 1259 3652 45

263 3673 354 3735 Passa
375 3672 449 3751 alio,
473 3674 528 3735 sed
550 3681 580 3733 te
599 3691 655 3733 oen
671 3673 837 3751 virginitate
858 3674 985 3750 iugatum

263 3756 437 3821 Visceribus
456 3760 526 3821 totis
548 3759 701 3839 animoque
720 3758 857 3839 amplexa
875 3756 1012 3829 fovebam
