3134 4434
314 440 378 504 216
655 455 687 502 r.
699 453 840 502 earnm
860 453 977 503 sanun

314 609 463 687 Effugisse
485 627 604 685 necem,
627 609 655 669 ni
677 627 751 689 qnos
772 609 911 670 deformis
932 611 962 670 in
982 609 1044 670 alto

316 695 461 772 Sanguine
485 695 649 772 degeneres
672 695 802 755 occultat
821 697 893 764 vita;
915 695 1055 755 secundis

315 778 395 838 Pone
414 778 545 841 modum:
571 788 637 839 sunt
660 788 690 839 et
710 779 780 839 diris
800 798 851 840 sua
870 783 985 841 numina
1005 778 1136 840 Thebis.

315 859 450 924 Forsitan
470 872 500 924 et
520 863 606 925 nobis
625 863 712 924 modo
736 882 811 943 quae
834 864 951 939 lavere,
973 865 1152 927 recedunt?
1286 878 1325 933 333

378 948 491 1025 Paruit,
522 958 551 1009 et
571 948 700 1011 madidas
718 948 827 1009 tollens
848 950 885 1010 ad
906 949 1002 1010 sidera
1022 949 1166 1028 palmas:

318 1032 470 1110 ‘Phoebe,
491 1033 544 1094 tibi
566 1034 686 1093 exuvias
706 1042 885 1094 monstratae
907 1035 1035 1113 praemia
1057 1035 1168 1096 noctis

314 1117 448 1178 Nondum
465 1117 579 1178 ablutus
592 1119 676 1196 aquis
690 1151 733 1164 —-
747 1117 800 1178 tibi
816 1118 892 1178 enim
906 1119 981 1179 haec
995 1136 1055 1196 ego
1073 1138 1170 1182 sacra
1188 1122 1281 1202 litavi,
1294 1160 1325 1169 —

317 1202 413 1264 Trado
433 1202 514 1264 feros
533 1202 617 1263 miles
638 1202 781 1282 tripodum
799 1203 932 1282 fidusque
952 1204 1109 1264 sacerdos.

317 1287 427 1349 Sinon
451 1286 575 1349 dedecui
596 1296 644 1348 tua
666 1288 745 1350 iussa
765 1287 875 1367 tulique
895 1297 1091 1367 prementem,
1284 1303 1324 1357 333

317 1373 415 1452 Saepe
435 1372 518 1448 veni,
544 1390 635 1451 saepe
657 1371 733 1433 hanc
753 1372 874 1451 dignare
894 1374 1063 1452 inrumpere
1085 1386 1240 1438 mentem.

316 1456 401 1518 Nunc
417 1457 474 1531 tibi
496 1456 602 1518 crudus
625 1457 737 1535 honos,
760 1467 861 1530 trunca
884 1475 961 1519 arma
984 1475 1140 1538 cruorque
1162 1465 1305 1526 virorum:

316 1542 358 1603 At
376 1543 485 1622 patrias
506 1542 532 1601 si
554 1542 669 1621 quando
691 1543 794 1603 domos
816 1552 989 1622 optataque,
1012 1541 1128 1623 Paean,

317 1626 455 1706 Templa,
476 1625 582 1704 Lucia,
606 1627 705 1703 dabis,
728 1636 772 1688 tot
792 1627 862 1688 ditia
883 1626 958 1688 dona
978 1629 1108 1688 sacratis

317 1711 453 1775 Postibus
475 1720 504 1771 et
523 1711 644 1772 totidem
664 1713 725 1773 voti
746 1729 858 1772 memor
878 1713 968 1790 exige
987 1721 1102 1773 tauros.
1284 1728 1323 1783 333

380 1794 518 1872 Dixerat,
541 1805 571 1857 et
592 1796 678 1857 lactis
699 1798 799 1857 socios
820 1796 981 1858 revocabat
1000 1796 1038 1857 ab
1058 1801 1168 1860 armis.

316 1881 446 1941 Venerat
467 1879 521 1940 bos
543 1883 618 1940 inter
639 1880 700 1942 lato
721 1880 899 1958 Calydonius
918 1881 1050 1961 Hopleus

317 1964 535 2044 Maenaliosque
556 1965 680 2044 Dymas,
705 1967 805 2028 dilecti
825 1966 946 2044 regibus
969 1966 1067 2044 ambo,

317 2050 430 2129 Regum
452 2049 536 2111 ambo
559 2051 696 2129 comites,
719 2069 841 2132 quorum
862 2060 930 2132 post
949 2052 1052 2111 lunera
1075 2057 1198 2117 moesti

316 2135 413 2196 Vitam
435 2134 629 2213 indignantur3
653 2138 733 2217 prior
753 2136 869 2197 Arcada
892 2137 1017 2197 concitat
1038 2135 1206 2217 Hopleus:
1287 2152 1326 2206 ato

381 2218 525 2280 ‘Nullane
546 2230 615 2301 post
634 2239 735 2283 manes
755 2222 836 2299 regis
858 2220 910 2281 tihi
933 2239 1002 2281 cura
1021 2228 1195 2304 perempti,

319 2303 394 2366 (lare
415 2302 530 2380 Dyma?
552 2315 671 2366 teneant
691 2325 777 2386 quem
796 2307 852 2366 iam
866 2305 996 2368 ¹fortasse
1014 2305 1165 2370 volucres

318 2389 506 2468 Thebanique
530 2409 634 2459 canes;
659 2393 772 2470 patriae
796 2391 863 2470 quid
885 2390 991 2451 deinde
1013 2390 1136 2472 feretis,

317 2471 472 2535 Arcades?
494 2493 531 2535 en
552 2475 678 2536 reduces
701 2484 802 2537 eontra
824 2476 904 2536 uenit
921 2493 1027 2555 aspera
1048 2487 1161 2540 mater.

316 2557 413 2619 Funus
436 2556 506 2618 ubit
532 2567 561 2619 at
581 2569 682 2620 nostro
705 2578 822 2638 semper
844 2559 897 2620 sub
917 2570 1040 2639 pectore
1062 2559 1197 2638 Tydeus
1287 2577 1326 2634 att

318 2644 419 2704 Saevit
438 2643 525 2723 inops
545 2644 661 2720 tumuli,
684 2647 815 2725 quamvis
837 2646 992 2723 patientior
1013 2655 1094 2706 artus

317 2726 372 2788 Ille
394 2741 450 2788 nec
471 2727 600 2807 abruptis
622 2729 698 2790 adeo
719 2728 906 2790 lacrimabilis
928 2731 1019 2790 annis.

316 2812 364 2874 lre
385 2822 481 2874 tamen
502 2831 678 2894 saevumque
700 2814 772 2876 libet
793 2814 874 2875 nullo
894 2815 995 2876 ordine
1016 2815 1133 2892 passim
1246 2858 1256 2876 ,

318 2898 448 2959 Scrutari
470 2916 601 2978 campum
623 2900 793 2979 mediasque
814 2900 979 2979 inrumpere
1000 2897 1150 2960 Thebas?

316 2981 435 3062 Excipit
457 3000 525 3044 orsa
545 2983 670 3060 Dymas:
694 2985 769 3045 ‘Per
790 3001 848 3062 ego
868 2985 942 3045 haec
954 3001 1029 3062 vaga
1047 2984 1155 3048 sidera
1173 2989 1261 3071 iuro,
1288 3001 1328 3056 att

317 3066 374 3127 Per
394 3067 476 3129 ducis
498 3078 629 3130 errantes
650 3070 741 3130 instar
761 3070 829 3130 mihi
848 3071 969 3130 numinis
989 3067 1123 3147 umbras,

317 3150 398 3212 ldem
419 3154 507 3214 ardor
527 3155 651 3224 miserc;
675 3154 810 3215 comitem
831 3155 1025 3234 circumspicit
1047 3153 1123 3215 olim

316 3234 400 3297 llens
421 3235 534 3299 humilis
553 3238 652 3318 lnctu,
675 3241 728 3302 sed
749 3258 824 3301 nunc
845 3241 926 3318 prior
945 3240 1027 3307 ibo;’
1049 3238 1203 3322 viamque

317 3320 454 3398 lnchoat,
478 3332 508 3383 et
527 3334 642 3386 moesto
663 3342 823 3389 conversus
845 3324 881 3385 ad
901 3325 1020 3385 aethera
1040 3323 1129 3385 vultu

319 3406 369 3467 Sic
393 3408 447 3467 ait:
471 3407 617 3471 ‘Arcanae
637 3410 815 3472 moderatrix
834 3407 955 3486 Gpnthia
974 3409 1080 3484 noctis,
1290 3424 1330 3481 333

320 3492 352 3552 Si
373 3500 401 3552 te
423 3497 590 3572 tergeminis
612 3496 766 3577 perhibent
787 3497 901 3556 variare
921 3494 1022 3571 figuris

317 3573 429 3638 Numen
450 3588 480 3638 et
500 3580 530 3640 in
548 3580 637 3641 silvas
660 3581 717 3642 alio
738 3579 922 3642 descendere
943 3579 1034 3651 vultu,

318 3660 373 3723 llle
395 3680 495 3725 comes
515 3683 609 3744 nuper
629 3683 837 3746 nemorumque
859 3664 979 3742 insignis
1001 3662 1152 3744 alumnus,

310 3745 371 3809 Ille
392 3756 474 3833 tuus,
497 3749 609 3834 Diana,
628 3769 723 3836 puer,
742 3769 822 3814 nunc
839 3751 961 3829 respice
980 3746 1123 3828 saltem,¹
