3134 4434
657 428 868 487 Panaenum.
1187 438 1262 485 uun

214 630 216 647 ·
262 614 330 657 sem.
365 603 392 656 8.
411 595 488 653 Vrat
507 597 574 669 quia
589 609 685 657 reram
698 597 805 665 emata,
825 593 877 649 sed
893 595 1022 667 ᾳιιοιιιὶιιιι
1041 594 1077 648 ob
1093 606 1264 651 sensumte-

260 684 382 756 quiritur
397 677 503 758 (Parni.
521 676 655 756 ᾳιιοίιιιιι).
687 685 713 740 9.
727 681 791 736 Par.
812 684 839 734 et
857 677 934 734 editt.
948 682 1066 750 pectora
1080 680 1175 741 mortu
1189 680 1263 735 bene

208 816 210 821 ,
261 765 428 822 emendavit
443 764 593 821 Bernatids
610 766 682 829 aaut
704 757 864 837 (‚,lortuna
882 778 991 819 summa
1010 763 1074 818 imis
1091 764 1263 820 miscet-mec

260 853 388 907 animum
401 849 537 920 cuiusque
549 849 577 902 ln
588 845 734 903 miscendo
753 847 875 919 respicit
877 847 909 916 ‘,)
925 862 997 918 quae
1009 842 1190 903 emendatio
1178 849 1264 904 etiam

210 936 341 991 Vrat.
354 935 520 989 auctoritate
529 930 692 987 affirmatur
716 937 751 992 10
757 930 844 986 .Vrat
854 930 1263 1005 famatumpeausutsepiwm

210 996 213 1095 s
258 1020 324 1075 Par.
340 1030 430 1089 usque
444 1031 496 1088 pro
521 1014 599 1075 Ursa.
634 1020 678 1074 12.
694 1030 794 1071 omnes
813 1015 875 1071 libri
894 1014 1014 1072 libertas
1048 1018 1092 1073 13.
1104 1019 1195 1073 verba
1212 1018 1261 1074 de-

209 1104 338 1175 salua
350 1128 394 1139 -
404 1100 534 1173 placent,
554 1101 663 1172 integra
682 1104 762 1167 s'unt
781 1114 848 1155 nam
866 1099 971 1171 quod
964 1115 993 1155 ιιι
1010 1098 1094 1158 Vind
1112 1100 1208 1157 Parae.
1222 1103 1262 1159 le·

208 1204 210 1217 ι
259 1186 336 1263 gitur
349 1184 477 1259 diam,
497 1182 617 1240 inVret.
633 1184 773 1258 dieamus,
791 1185 968 1240 librariorum
988 1200 1084 1240 errore
1100 1185 1209 1241 tactum
1220 1185 1264 1241 vi-

230 1336 234 1345 ,
260 1270 352 1326 detur.
385 1274 430 1327 27.
446 1266 668 1342 cupientisomn.
681 1269 759 1337 libri,
777 1270 841 1323 Par.
855 1275 1003 1340 praeterea
1018 1274 1110 1325 tamea
1128 1284 1181 1341 pro
1199 1274 1262 1327 tauu

258 1362 329 1412 tam.
360 1357 405 1413 28.
417 1368 515 1411 omnes
534 1355 650 1416 brutam
666 1353 735 1425 quid
750 1354 856 1408 tausas
871 1353 1030 1425 significem
1046 1370 1103 1408 non
1119 1354 1261 1427 intelligo;

244 1454 356 1511 ·neque
376 1439 491 1511 placent
512 1439 691 1496 coniecturae
713 1434 832 1509 ruptbus
858 1438 906 1494 vel
932 1437 1051 1493 Troasin
1072 1439 1191 1507 ruebas,
1224 1440 1261 1495 cl.

260 1522 365 1580 Markl.
378 1522 457 1578 adh.
470 1525 487 1579 l.
507 1523 635 1594 „Invitae
646 1523 721 1576 enim
732 1535 822 1576 naves
839 1521 995 1593 perniciem
1009 1521 1116 1593 patriae
1128 1521 1263 1578 advectu·

261 1624 313 1665 rae
325 1620 403 1662 mare
415 1607 584 1664 intrabant.“
604 1605 764 1664 bamma.
780 1609 840 1665 ao.
853 1610 991 1662 caventem
1002 1606 1170 1678 recepimus,
1181 1606 1261 1662 Vrat.

261 1696 417 1748 canentem.
454 1696 500 1750 34.
523 1706 559 1745 ex
572 1688 763 1747 Vrat.·-l’arm.
780 1690 889 1747 restitui
907 1703 952 1746 ea.
985 1693 1031 1749 39.
1052 1691 1148 1762 maus
1165 1689 1264 1746 stubba

255 1783 325 1849 post
341 1776 459 1830 ενίιιιιιιιι
474 1775 587 1848 soranae
600 1774 722 1846 scripu,
739 1790 838 1837 omnes
857 1775 919 1830 libri
930 1779 998 1846 post
1008 1777 1135 1830 ermina.
1164 1772 1265 1831 Iubeut

262 1862 291 1917 si
307 1861 435 1916 absolute
452 1860 576 1932 positum
592 1860 752 1931 acceperis,
773 1872 831 1914 non
847 1858 884 1914 de
906 1874 993 1915 sensu
1012 1857 1150 1915 dubitabis
1170 1860 1263 1928 (Vrat.

260 1944 356 2002 eiam
369 1958 422 2016 pro
438 1944 558 2012 iubeam
576 1943 705 2016 intelligit
722 1947 808 2017 poeta
824 1944 938 1998 mollem
956 1943 1114 2014 spadonum
1131 1945 1261 2012 lormam,

262 2035 292 2085 ut
310 2029 385 2085 inira
402 2028 452 2096 ΙΗ,
466 2033 494 2098 4,
511 2032 559 2088 7οε
580 2028 737 2100 corpus'de
757 2044 829 2085 sexu
845 2027 964 2084 transire
983 2027 1068 2084 iubet.
1107 2027 1209 2096 Quales
1224 2029 1264 2085 ita

261 2114 393 2170 hocloco
406 2113 520 2170 struitur
531 2128 564 2169 ac
576 2113 601 2169 si
614 2113 749 2185 scriptum
764 2118 842 2171 esset
857 2127 961 2184 corpus
971 2142 1013 2153 -
1024 2112 1098 2184 quod
1107 2112 1191 2169 dubia
1201 2111 1262 2183 for·

259 2215 318 2256 ma.
340 2197 476 2255 Dicuntur
487 2198 604 2255 crimine
615 2198 737 2266 torneae,
749 2213 825 2268 quae
839 2197 868 2251 in
877 2197 941 2267 ipsa
952 2198 1042 2251 torma
1055 2197 1262 2255 committuntur

261 2283 449 2352 castratione,
467 2283 515 2340 vel
531 2282 615 2339 etiam
630 2280 756 2349 dedecus
768 2297 805 2345 ex
819 2281 937 2335 crimine
948 2285 1057 2354 ortum,
1075 2281 1193 2337 crimine
1203 2281 1265 2337 illa·

260 2376 330 2424 tum.
359 2367 411 2423 Est
429 2366 514 2439 igitur
531 2367 615 2423 molle
627 2382 749 2438 corpus,
770 2367 853 2438 quale
865 2365 1042 2429 castrationis
1055 2365 1171 2421 crimine
1186 2381 1262 2421 com-

261 2452 353 2506 misso
371 2466 471 2507 sexum
487 2455 585 2511 mutat.
622 2455 676 2511 40..
691 2449 758 2507 inde
773 2452 809 2506 ab
827 2449 895 2506 Ald.
918 2447 995 2507 editt.
1010 2465 1153 2524 paruoque
1166 2451 1261 2520 atritis,

237 2586 242 2597 ,
261 2532 342 2591 Vrat.
354 2534 444 2591 Parra.
456 2540 603 2607 torvaques
621 2534 690 2596 Sea.
702 2538 766 2591 Par.
777 2535 860 2591 Rom.
872 2540 1017 2606 menapum
1031 2548 1085 2606 que
1098 2540 1164 2606 post
1175 2550 1262 2606 nega·

261 2620 369 2674 tionem
382 2618 591 2690 significatsed.
622 2624 667 2678 42.
687 2619 749 2675 libri
760 2620 831 2674 mire
845 2619 985 2675 variantes
996 2620 1083 2688 auus,
1102 2621 1174 2689 visu,
1192 2621 1260 2687 uua,

262 2701 332 2760 Sen.
349 2705 435 2759 missa
453 2703 473 2758 i.
484 2719 511 2759 e.
528 2704 612 2774 capiti
629 2704 762 2773 detracta.
793 2706 838 2763 43.
856 2702 1012 2759 Schraderi
1027 2703 1145 2759 conieci.
1163 2717 1262 2760 errore

262 2786 411 2844 confirmat
425 2787 503 2843 Vrat.
542 2788 585 2847 48.
608 2784 688 2844 Vrat.
702 2788 777 2844 uude
795 2792 891 2857 notae,
910 2788 973 2844 Par.
990 2785 1072 2843 Rom.
1092 2787 1155 2843 inde
1171 2794 1261 2855 uotae,

263 2878 384 2942 quatuor
398 2870 464 2927 Vat.
481 2870 556 2926 unde
571 2878 666 2941 noue,
686 2889 758 2929 unus
776 2872 967 2945 superscrIpto
982 2889 1002 2927 u
1019 2865 1150 2944 (mooe),
1168 2872 1261 2927 Parm.

261 2954 338 3011 unde
356 2969 458 3023 nouae,
476 2954 622 3014 Aldinae
638 2972 740 3023 nouam
757 2973 815 3011 non
832 2954 957 3011 dubitavi
974 2954 1101 3025 recipere
1118 2956 1261 3028 inpensae.

262 3045 307 3098 50.
320 3037 389 3096 Sen.
400 3037 467 3094 Par.
478 3041 602 3096 carmine
618 3030 672 3113 quo
690 3042 810 3096 donasse
823 3042 926 3113 queam
943 3034 980 3115 (si
994 3043 1124 3094 accurate
1137 3044 1263 3095 notatum

262 3124 336 3192 est),
349 3123 436 3179 ceteri
446 3122 509 3179 libri
525 3125 649 3181 carmim
660 3140 716 3199 quo
730 3129 843 3197 potasse
860 3138 968 3197 queam.
1000 3122 1051 3179 Est
1067 3123 1150 3195 igitur
1161 3140 1264 3180 anaco-

260 3206 363 3264 luthon
374 3213 402 3262 et
417 3208 570 3280 legendum
589 3216 617 3265 ut
634 3209 810 3280 scripsimus.
841 3213 885 3268 62.
899 3213 1055 3264 ructassent
1072 3210 1147 3280 expl.
1167 3209 1264 3265 incen-

262 3292 314 3348 dia
323 3292 431 3348 Locros
449 3293 572 3348 fumante
588 3294 670 3350 ruina
685 3293 824 3349 ructantia
835 3293 973 3362 obruunt,
986 3295 1004 3349 i.
1018 3311 1043 3348 e.
1058 3293 1196 3350 ructando
1211 3310 1263 3366 op-

260 3377 344 3449 plere
363 3375 486 3448 aliquid;
503 3378 628 3451 intellige
646 3382 739 3434 autem
756 3370 903 3449 praedium
915 3376 978 3433 Ursi
996 3378 1101 3443 Locros
1120 3382 1262 3435 vocatum.

262 3459 623 3534 64.seu1uuanusa9er‚
643 3463 714 3518 mira
732 3461 839 3533 ellipsis
857 3461 952 3530 verbi;
966 3461 1082 3517 invenio
1101 3463 1198 3518 nescio
1217 3476 1264 3516 cu-

209 3613 210 3625 ¹
264 3547 310 3600 ius
327 3544 476 3601 viri'docti
494 3546 632 3602 coniect.:
650 3546 814 3603 Lucanosoe
834 3560 918 3618 apros
935 3546 1041 3602 omisso
1057 3558 1116 3601 seu.
1152 3548 1196 3605 70.
1215 3558 1262 3598 re-

209 3634 210 3639 ’
264 3629 328 3700 cepi
339 3628 442 3685 Markl.
454 3630 694 3699 emendationem,
708 3631 770 3687 libri
781 3644 909 3699 carmen,
927 3634 954 3685 et
965 3645 1052 3686 versu
1063 3647 1104 3701 sq.
1132 3626 1264 3697 tendebat,

265 3712 343 3769 editt.
358 3719 425 3785 post
441 3712 508 3770 Ald.
526 3714 662 3773 tentabat*
683 3716 727 3776 77.
746 3730 845 3771 omnes
863 3714 926 3770 libri
940 3719 966 3772 et
980 3714 1082 3772 inuida
1098 3715 1266 3786 morumque

305 3826 444 3871 suerrus
466 3827 489 3869 1.
1038 3813 1056 3868 b
