3134 4434
569 454 770 516 unaemms
789 467 860 516 nun.
877 466 940 517 vm.
1191 457 1253 518 tot

256 625 284 684 lt
306 625 420 684 fremitu
442 623 589 702 gaudens,
611 623 682 684 licet
703 641 782 685 arma
804 641 972 702 gregesque
991 622 1137 688 lacessant

256 709 433 769 Venantum:
456 709 595 789 praedam
615 709 696 770 videt
718 718 747 768 et
764 727 816 769 sua
836 708 958 769 vulnera
979 709 1082 769 nescit.

258 797 308 855 Sic
325 803 393 855 tunc
416 810 577 871 congressu
600 790 754 872 Capaneus
776 795 894 871 gavisus
912 793 1010 871 iniquo
1192 802 1254 858 ,675

257 879 393 939 librabat
412 897 515 956 magna
536 888 684 938 venturam
707 878 784 939 mole
807 895 987 958 cupressum.

257 964 334 1024 Ante
355 974 451 1024 tamen
472 962 567 1037 ‘Ouid
585 962 718 1024 femineis
742 962 914 1039 ululatibus,
939 963 1039 1041 inquit,

258 1048 430 1124 Terrifioas,
454 1050 608 1123 moriture,
629 1045 731 1108 viros?
753 1050 859 1108 utinam
879 1049 943 1127 ipse
964 1047 1089 1122 reniret,

259 1132 313 1193 cui
335 1132 420 1193 furis!
439 1132 514 1193 baec
535 1132 630 1209 Tyriis
650 1150 722 1193 cane
741 1133 878 1194 matribus
888 1136 910 1208 ,'
934 1141 964 1192 et
984 1130 1068 1191 simul
1089 1130 1199 1191 hastam

256 1217 390 1299 Expulit3
413 1217 463 1278 illa
484 1217 604 1294 volans,
625 1236 680 1277 ceu
697 1219 742 1277 vis
762 1235 821 1277 non
840 1217 900 1278 ulla
918 1223 1047 1276 moretur
1201 1224 1254 1280 680

258 1301 367 1377 Obvia,
385 1300 439 1362 'vix
460 1303 556 1362 sonuit
577 1302 674 1381 clipeo
698 1312 728 1362 et
748 1304 804 1362 iam
823 1312 908 1380 terga
925 1301 1052 1380 reliquit.

257 1387 346 1446 Arma
370 1386 475 1464 fluunt,
499 1387 654 1466 longisque
675 1395 776 1466 crepat
799 1386 972 1464 singultibus
993 1403 1102 1463 aurum,

257 1470 445 1550 Eruptusque
470 1473 549 1532 sinus
571 1473 641 1531 vicit
663 1488 758 1531 cruor.
801 1470 917 1532 Occidis
942 1469 1045 1548 audax,

259 1554 376 1616 Occidis
397 1556 484 1616 Aonii
502 1575 576 1636 puer
596 1556 688 1617 altera
709 1574 777 1617 cura
798 1555 897 1632 Lyaei.

258 1639 385 1701 lfaroida
405 1650 435 1701 te
456 1641 556 1703 fractis
578 1642 751 1720 planxerunt
770 1640 879 1702 Ismara
899 1641 1018 1717 thyrsis,
1202 1649 1253 1704 685

258 1724 301 1785 Te
324 1724 463 1806 Tmolos,
484 1736 514 1787 te
536 1725 615 1803 Nysa
636 1726 721 1786 ferax
741 1725 915 1805 Theseaque
933 1724 1033 1786 Naxos

256 1808 296 1869 Et
317 1808 454 1872 Thebana
476 1820 553 1872 metu
573 1813 682 1871 iuratus
703 1813 732 1871 in
755 1809 844 1888 Orgia
866 1809 991 1889 Ganges.

256 1893 321 1954 Neo
342 1914 463 1972 segnem
485 1895 645 1974 Argolicae
668 1914 789 1957 sensere
809 1895 952 1957 Eteoclea
967 1904 1089 1971 turmae,

257 1978 376 2039 Parcior
395 1981 431 2041 ad
453 1982 534 2041 cives
556 1981 702 2056 Polynicis
722 1981 864 2041 inhorruit
884 1982 972 2041 ensis.

320 2064 434 2126 Eminet
456 2075 522 2126 ante
544 2065 618 2125 alios
640 2067 696 2125 iam
716 2064 935 2126 formidantibus
953 2082 1022 2124 arva
1202 2070 1255 2126 690

257 2149 449 2228 Amphiaraus
471 2151 554 2229 equis
575 2167 610 2209 ac
629 2150 718 2210 multo
739 2149 863 2229 pulvere
883 2150 972 2209 vertit

259 2232 397 2314 Campum
413 2235 623 2311 indignantem,
646 2233 753 2294 famulo
775 2234 865 2294 decus
884 2233 964 2294 addit
983 2234 1067 2293 inane

258 2317 389 2378 Moestus
412 2329 442 2379 et
462 2329 611 2378 extremos
631 2317 728 2378 obitus
749 2319 874 2379 illustrat
894 2317 1014 2397 Apollo.

257 2404 311 2464 llle
334 2405 419 2464 etiam
442 2404 567 2482 clipeum
589 2403 761 2483 galeamque
783 2403 911 2464 incendit
931 2403 1043 2464 honoro

262 2489 381 2557 Sidere;
401 2507 457 2548 nec
478 2487 561 2549 tarde
582 2487 681 2565 fratri,
705 2487 849 2564 Gradive,
873 2488 989 2566 dedisti,
1071 2565 1073 2570 ,
1203 2493 1254 2549 ott

257 2572 302 2632 Ne
326 2591 381 2651 qua
400 2591 501 2634 manus
522 2581 634 2651 vatem,
657 2592 694 2634 ue
718 2573 786 2652 quid
806 2573 939 2634 mortalia
957 2573 1038 2634 bello

256 2656 387 2718 haedere
407 2659 466 2719 tela
489 2668 610 2737 queant:
637 2667 766 2718 sanctum
789 2667 819 2719 et
839 2658 1010 2718 venerabile
1031 2656 1091 2717 Diti

258 2740 355 2802 Funus
374 2751 445 2802 erat.
486 2742 566 2803 Talis
587 2744 699 2804 medios
719 2742 844 2803 infertur
864 2744 892 2802 in
913 2741 1016 2803 hostes

259 2824 364 2885 Certus
386 2835 416 2885 et
437 2828 502 2905 ipse
523 2828 621 2904 necis,
641 2829 720 2887 vires
740 2824 844 2886 fiducia
866 2826 918 2886 leti

259 2911 411 2988 Suggerit3
434 2911 501 2970 inde
522 2913 585 2969 viro
604 2912 772 2988 maioraque
794 2909 923 2970 membra
946 2910 1068 2989 diesque
1206 2916 1258 2974 too

259 2993 377 3055 Laetior
396 3004 425 3054 et
444 3013 596 3073 numquam
616 3003 694 3055 tauta
716 2995 899 3073 experientia
922 2994 1011 3071 oceli,

261 3080 291 3139 Si
311 3090 412 3140 vacet:
435 3081 539 3140 avertit
556 3080 641 3139 morti
662 3080 840 3140 contermina
862 3079 971 3140 Virtus.

259 3164 353 3226 Ardet
374 3164 524 3243 inexpleto
546 3164 628 3224 saevi
648 3163 788 3224 Mavortis
810 3182 921 3242 amore,

258 3249 296 3309 Et
317 3250 420 3311 fruitur
438 3251 541 3310 dextra
563 3258 650 3328 atque
672 3249 763 3310 anima
785 3249 927 3327 flagrante
948 3248 1090 3330 superbit.

259 3334 313 3395 llio
331 3335 474 3395 bominum
496 3352 581 3394 casus
604 3335 697 3395 lenire
719 3342 748 3395 et
770 3333 889 3395 demere
911 3333 978 3395 fatis
1206 3341 1257 3398 tos

260 3419 325 3479 lura
346 3420 503 3498 frequens,
526 3428 661 3499 quantum
683 3418 778 3479 subito
797 3420 930 3480 diversus
952 3418 1070 3495 abillo,

261 3504 316 3576 Qui
339 3505 469 3583 tripodas
492 3505 647 3583 laurusque
667 3506 769 3583 sequi,
792 3505 841 3584 qui
861 3505 966 3566 doctus
985 3505 1014 3566 in
1035 3503 1113 3565 omni

259 3586 344 3648 Nube
365 3589 489 3649 salutato
509 3589 660 3649 volucrem
682 3605 867 3667 cognoscere
889 3588 1019 3651 Phoebo.

259 3673 438 3735 Innumeram
460 3674 540 3733 ferro
559 3674 696 3753 plebem,
719 3693 775 3735 cen
794 3673 894 3735 letifer
912 3693 1003 3736 annus

259 3758 318 3820 but
337 3759 420 3822 iubar
438 3759 556 3821 adversi
575 3776 671 3839 gave
693 3759 824 3841 sideris,
840 3755 1105 3823 melancranim
1229 3753 1297 3801 vm
