3134 4434
289 373 348 436 158
620 384 653 434 7.
674 383 808 433 suumn
830 382 949 434 770777

285 541 355 622 lpse
373 540 448 608 suis;
469 538 572 602 laoulo·
585 539 743 619 Phlegyan
763 541 921 620 iaenloque
943 541 1114 622 sapertun

285 627 412 701 Phylea,
435 625 543 687 laleato
563 623 700 685 Chromin
720 635 751 686 et
768 623 962 688 Gremetaonu
983 644 1077 688 eurrn

287 709 424 772 Cominus
445 711 521 771 hune
541 719 664 771 stantem
685 712 782 787 metit,
806 711 883 771 huno
903 729 920 773 a
937 712 1056 791 poplite
1079 723 1219 794 sectum,

287 794 414 874 Cuspide
434 796 560 856 demissa
581 793 718 855 Chromin
733 795 942 875 Iphinoumque
960 799 1131 878 Sagenque

284 880 490 959 intonsumque
510 879 591 956 Gyan
615 898 789 960 sacrumque
808 881 941 957 Lycorea
962 881 1088 943 Phoebo
1250 895 1292 952 777

285 966 409 1032 luvitus;
429 967 483 1025 iam
504 964 663 1025 fraxineum
684 965 832 1026 dimiserat
851 966 953 1027 hastae

286 1050 401 1126 Robur,
426 1059 456 1110 et
476 1052 609 1109 excussis
631 1051 765 1129 apparuit
785 1051 875 1111 iniula
897 1052 1008 1118 oristis;

286 1135 457 1196 Alcathoum
479 1151 568 1211 saxo,
589 1136 636 1194 oui
657 1135 766 1194 oireum
788 1145 889 1212 stagna
911 1133 1027 1210 Carysti

285 1220 323 1280 Et
341 1220 441 1280 domus
464 1228 492 1278 et
516 1221 620 1279 coniux
641 1227 671 1279 et
691 1228 819 1279 amantes
843 1220 929 1280 litora
947 1220 1016 1280 uati.

285 1305 407 1364 Vixerat
428 1304 478 1364 ille
499 1303 546 1364 diu
569 1322 682 1384 pauper
701 1313 848 1364 serutatur
870 1322 1018 1383 aquarum,
1251 1316 1293 1370 770

285 1390 411 1468 Decepit
432 1389 536 1464 tellus,
560 1392 686 1449 moriens
707 1388 878 1468 hiemesque
896 1388 1051 1467 Notosque

284 1474 393 1534 Laudat
418 1483 447 1533 et
468 1475 582 1552 experti
602 1473 724 1534 meliora
746 1473 887 1553 pericula
901 1474 992 1553 pomi.

348 1558 482 1637 Adspicit
503 1560 556 1621 has
579 1559 668 1636 longe
687 1558 850 1619 iamdudum
868 1558 998 1637 Asopius
1019 1555 1173 1638 Hypseus

285 1643 431 1705 Palantum
450 1652 563 1720 strages
585 1644 726 1722 ardetque
748 1653 883 1703 avertere
905 1660 1040 1721 pugnam,

286 1728 463 1805 Quamquam
484 1727 559 1788 haud
580 1730 644 1806 ipse
666 1730 758 1787 minus
782 1746 868 1787 curru
891 1727 1038 1803 Tirynthia
1060 1726 1165 1791 fundit
1251 1741 1293 1797 777

285 1812 420 1888 Robora,
444 1814 497 1873 sed
516 1814 581 1872 viso
602 1830 742 1892 praesens
764 1814 859 1872 minor
881 1831 990 1890 augure
1014 1815 1153 1889 sanguis.

285 1898 368 1959 lllum
389 1900 475 1957 armis
497 1898 654 1977 animisque
678 1899 771 1976 eupit,
794 1897 969 1976 prohibebat
990 1898 1092 1975 iniquo

284 1984 408 2061 Agmine
431 1992 596 2043 consertum
620 1984 704 2042 cunei
727 1983 817 2051 latus;
838 1982 904 2042 inde
923 1981 1069 2061 superbus

285 2067 406 2127 Exeruit
423 2070 522 2147 patriis
543 2068 667 2127 electum
688 2066 799 2127 missile
821 2069 903 2146 ripis.

285 2153 330 2212 Ao
350 2155 444 2232 prius:
465 2153 626 2213 ‘Aonidum
650 2153 732 2213 dives
754 2152 875 2229 largitor
896 2169 1044 2230 aquarum,
1247 2165 1294 2221 730

288 2237 374 2297 Glare
397 2237 544 2315 Giganteis
567 2239 737 2313 etiamnum,
756 2236 877 2315 Asope,
897 2235 1015 2312 favillis,

283 2322 328 2382 Da
350 2341 453 2382 numen
475 2323 611 2382 dextrae:
635 2331 720 2398 rogat
742 2321 801 2381 hoo
820 2331 961 2400 natusque
983 2321 1086 2398 tuique

285 2406 418 2481 Quercus
440 2406 552 2467 alumna
573 2406 657 2473 vadi;
680 2407 725 2466 ias
748 2414 778 2466 et
798 2424 846 2466 me
867 2424 1010 2486 spernere
1029 2404 1204 2487 Phoebum,

285 2493 316 2550 Si
338 2491 389 2550 tibi
411 2491 534 2550 collatus
557 2490 651 2550 divum
673 2500 767 2560 sator:
791 2493 885 2551 omnia
907 2509 1036 2569 mergam

283 2574 423 2635 Fontibus
444 2593 522 2634 arma
541 2577 598 2634 tuis
618 2575 777 2654 tristesque
798 2577 861 2636 sine
884 2594 995 2654 augure
1014 2577 1128 2636 vittas.i
1247 2589 1293 2646 777

258 2711 260 2714 .
346 2660 486 2720 Audierat
502 2661 627 2738 genitor.
667 2659 755 2721 Vetat
776 2660 929 2738 indulgere
950 2660 1100 2721 volentem

283 2745 437 2821 Phoebus,
460 2755 489 2805 et
509 2747 636 2823 aurigam
657 2745 782 2807 iaeulum
803 2746 959 2825 detorquet
980 2747 1009 2805 in
1030 2743 1161 2810 llerseu.

282 2829 338 2891 Ille
359 2832 424 2890 ruit.
464 2830 546 2891 Deus
568 2832 634 2909 ipse
656 2832 740 2908 vagis
762 2831 894 2891 suceedit
914 2830 1049 2907 habenis,

283 2915 442 2976 Lernaeum
463 2915 539 2976 lalso
560 2915 696 2975 simulans
718 2914 908 2993 Haliegmona
929 2915 1020 2976 vultu.

285 3000 366 3061 'luno
386 3018 459 3061 vero
482 3001 593 3061 ardenti
614 3017 672 3060 non
693 3000 754 3060 ulla
775 3001 922 3061 obsistere
943 3006 1084 3079 temptant
1249 3015 1297 3072 740

284 3086 389 3162 Signa,
412 3094 496 3145 ruunt
513 3086 580 3146 solo
602 3094 733 3162 terrore,
756 3093 787 3145 et
807 3084 927 3146 vulnera
948 3086 1020 3144 eitra

283 3169 363 3231 hlors
385 3170 506 3250 trepidis
527 3172 632 3247 ignava
651 3172 748 3246 veuit,
770 3168 946 3248 dubiumque
966 3172 1056 3231 tuenti

282 3255 427 3316 Presserit
444 3256 576 3315 insessos
596 3271 686 3331 onus,
711 3254 884 3334 impuleritne
910 3254 1032 3332 iugales.

282 3341 333 3400 Sie
354 3339 402 3400 ubi
426 3337 588 3401 nubiferum
608 3339 713 3400 montis
733 3340 809 3400 lalus
830 3348 879 3400 aut
899 3356 976 3400 nova
993 3342 1088 3400 sentis

284 3424 377 3484 Solvit
396 3422 504 3500 hiems,
526 3434 574 3485 aut
593 3427 670 3486 victa
693 3426 749 3485 situ
771 3440 830 3484 non
847 3425 967 3504 pertulit
987 3433 1084 3492 aetas;
1244 3441 1297 3499 745

284 3508 389 3569 Desilit
410 3507 573 3570 horrendus
591 3526 694 3589 eampo
712 3511 814 3587 timor,
837 3526 907 3570 arva
927 3511 1067 3588 virosque

283 3592 383 3654 Limite
400 3611 459 3656 non
479 3612 537 3654 uno
558 3594 761 3674 longaevaque
782 3593 891 3655 robora
911 3612 1012 3654 seeum

272 3677 495 3765 Praecipitant,
518 3679 697 3764 tandemque
720 3679 881 3742 exhaustus
898 3678 1019 3737 turbine
1032 3677 1120 3733 hesso
