3134 4434
281 464 343 527 220
629 477 661 525 r.
683 475 820 526 rannus
838 475 958 526 suurn

281 634 369 695 Teste
391 634 454 702 die;
476 650 589 693 mecum
609 632 739 693 clamore
759 633 790 693 et
811 633 936 711 pulvere
958 641 1078 711 aperto

280 718 323 780 lte
347 718 457 798 palam,
475 720 612 778 iuvenes:
636 727 702 778 sunt
723 717 841 778 etmihi
864 716 990 797 provida
1015 718 1156 781 dextrae
1252 732 1291 787 aas

282 803 383 865 Omina
405 813 434 863 et
456 803 594 863 horrendi
612 802 713 862 stricto
736 819 875 862 mucrone
897 802 1048 861 furores!

281 890 332 949 Sic
353 891 406 955 ait;
428 888 563 948 ardentes
584 887 684 948 alacer
706 887 859 948 succendit
880 885 1042 963 Adrastus,
1059 910 1063 915 ·

282 972 499 1051 Argolicusque
517 989 626 1050 gener,
646 974 776 1051 seqnitur
798 973 853 1032 iam
872 972 984 1033 tristior
1008 989 1125 1050 augur.

281 1056 399 1136 lamque
421 1067 553 1136 premunt
572 1072 688 1128 muros,
714 1066 743 1116 et
763 1055 858 1117 adbuc
879 1072 955 1116 nova
976 1054 1092 1119 lunera
1118 1071 1223 1124 narrat

282 1142 442 1221 Amphion,
464 1143 656 1218 miseramque
676 1140 820 1201 intrabant
837 1143 969 1220 protinus
992 1140 1122 1222 urbem,
1251 1157 1290 1212 too

281 1226 318 1286 Ni
339 1226 495 1304 Megareus
517 1224 640 1305 specula
659 1227 734 1286 citus
754 1226 951 1286 exclamasset
970 1224 1010 1284 ab
1034 1228 1122 1290 alta:

284 1309 430 1388 ‘Claude,
450 1310 539 1390 vigil,
562 1308 687 1370 subeunt
708 1311 827 1387 hostes,
849 1310 952 1371 claude
972 1310 1115 1393 undique
1139 1321 1264 1398 portas?

346 1396 401 1457 Est
421 1396 470 1456 ubi
493 1396 542 1456 dat
562 1395 642 1455 vires
663 1396 767 1455 nimius
788 1397 890 1471 timor,
914 1395 996 1455 ocius
1021 1400 1130 1460 omnis

284 1482 370 1542 Porta
391 1481 464 1552 coit;
486 1480 565 1541 solas
588 1479 653 1540 duur
676 1479 785 1541 tardius
808 1489 899 1540 arctat
920 1478 1037 1539 Echion

285 1564 432 1644 Ogygias,
453 1566 548 1626 audax
565 1567 649 1624 animi
668 1566 810 1644 Spartana
832 1566 963 1624 iuventus
1251 1579 1290 1635 495

284 1649 411 1729 inrupit,
435 1651 573 1728 caesique
595 1659 680 1710 ruunt
696 1652 725 1709 in
748 1651 844 1711 limine
864 1651 957 1727 primo

285 1734 385 1795 Incola
405 1733 527 1812 Taygeti
548 1734 704 1813 Panopeus
724 1735 868 1814 rigidique
890 1742 1004 1795 natator

285 1816 415 1879 Oebalus
436 1819 582 1890 Eurotae,
603 1826 709 1897 tuque,
734 1836 753 1879 o
775 1828 909 1897 spectate
930 1819 1097 1898 palaestris

286 1902 423 1963 Omnibus
443 1912 473 1963 et
490 1921 584 1981 nuper
607 1901 757 1965 Nemeaeo
780 1904 808 1963 in
828 1903 951 1983 pulvere
972 1903 1060 1981 felix,

284 1989 454 2064 Alcidama,
477 1988 576 2068 primis
599 2005 685 2066 quem
707 1988 855 2049 caestibus
877 1989 943 2069 ipse
958 1988 1075 2066 ligarat

286 2073 482 2151 Tyndarides,
502 2073 583 2134 nitidi
603 2073 731 2134 moriens
754 2090 886 2134 convexa
908 2073 1041 2150 magistri

246 2165 251 2176 ‘
286 2158 422 2238 Respicis
430 2181 437 2228 ;
460 2175 565 2219 averso
587 2160 697 2236 pariter
719 2159 791 2219 deus
812 2159 919 2219 occidit
941 2166 1032 2218 astro.

288 2243 451 2305 Tenemus
473 2240 639 2318 Oebalium,
662 2253 691 2304 te
715 2243 827 2303 lubrica
850 2244 913 2322 ripa
933 2240 1093 2305 Lacaenae

286 2329 413 2406 Virginis
436 2336 465 2387 et
484 2327 560 2388 falso
582 2346 692 2406 gurges
717 2337 846 2388 cantatus
866 2327 950 2388 olore
974 2328 977 2335 '

287 2413 399 2488 Flebit,
422 2412 590 2487 Amyclaeis
612 2411 727 2473 Triviae
750 2413 895 2490 lugebere
917 2411 1066 2489 nymphis,

287 2496 325 2558 Et
346 2515 421 2576 qnae
443 2506 473 2557 te
494 2497 580 2573 leges
601 2507 821 2576 praeceptaque
842 2498 928 2558 fortia
948 2496 1021 2556 belli

287 2581 399 2642 Erudiit
420 2583 572 2658 genetrix,
592 2582 706 2640 nimium
732 2582 870 2642 didicisse
891 2589 1041 2660 queretur.

350 2664 429 2725 'lulis
450 2664 594 2725 Echionio
615 2664 733 2726 blavors
755 2668 785 2726 in
807 2667 903 2727 limine
921 2666 1024 2725 saevit.

289 2750 414 2812 Tandem
436 2749 564 2810 humeris
586 2750 708 2810 obnixus
729 2751 830 2813 Acron
853 2761 883 2811 et
903 2758 1026 2830 pectore
1050 2760 1121 2813 toto

287 2836 399 2897 Pronus
419 2834 601 2896 Alimenides
623 2835 750 2897 ferratae
772 2836 880 2897 robora
903 2843 1006 2914 portae

288 2920 464 2997 Torserunt,
484 2930 591 3000 quanta
612 2922 722 3000 pariter
743 2923 860 2981 cervice
882 2928 1036 2999 gementes

288 3005 474 3083 Prolrlngunt
493 3008 602 3066 inarata
624 3006 672 3066 diu
695 3005 831 3084 Pangaea
853 3005 976 3066 iuvenci.

288 3089 344 3150 Par
366 3092 465 3169 operis
484 3091 595 3151 iactura
616 3091 719 3165 lucro,
740 3092 848 3169 quippe
869 3089 954 3150 hoste
976 3097 1098 3152 retento

289 3174 453 3235 Exclusere
476 3192 562 3244 suos;
584 3175 659 3236 cadit
681 3176 754 3235 intra
775 3172 1014 3259 moeniassraius

290 3258 432 3319 Ormenus
452 3268 481 3319 et
501 3276 610 3338 pronas
624 3260 777 3321 ‘tendentis
795 3258 963 3336 Amyntoris
983 3258 1071 3319 ulnas

289 3343 506 3422 Fundentisque
529 3361 651 3422 preces,
671 3346 787 3424 penitus
807 3346 925 3405 cervice
945 3343 1042 3403 recisa

288 3428 389 3490 Verba
413 3429 479 3489 solo
498 3429 654 3509 vultusque
678 3430 799 3506 cadunt,
820 3428 957 3506 colloque
978 3427 1117 3492 decorus

291 3512 426 3592 Torques
444 3513 473 3573 in
493 3512 616 3574 hostiles
637 3515 744 3575 cecidit
763 3531 818 3593 per
836 3513 939 3574 vulnus
962 3528 1081 3581 arenas,

354 3599 483 3659 Solvitur
503 3599 616 3659 interea
639 3597 764 3674 vallum,
790 3599 958 3678 primaeque
979 3611 1129 3664 recusant

291 3684 375 3744 Stare
398 3700 514 3751 morae;
538 3683 594 3742 iam
614 3701 646 3742 se
669 3683 797 3762 peditum
817 3684 938 3743 iunxere
960 3690 1105 3746 catervae

280 3767 457 3833 Moenibus:
480 3776 510 3834 at
531 3767 652 3854 patulas
673 3767 752 3831 saltu
770 3769 972 3830 transmittere
986 3766 1095 3825 iussas
