3134 4434
589 487 790 540 mosmos
810 489 882 538 LIB.
896 489 931 538 X.

282 646 423 709 Inferiore
445 648 525 723 lyra,
545 664 691 707 memores
711 646 886 726 superabitis
908 661 1008 707 annos.

282 732 416 793 Forsitan
438 741 468 793 et
489 733 611 792 comites
630 749 689 792 non
711 731 911 811 aspernabitur
929 729 1044 790 umbras

282 817 426 893 Euryalus
445 817 622 896 Phrygiique
644 817 772 877 admittet
791 816 884 894 gloria
904 813 976 874 Nisi.

282 902 322 962 At
343 902 423 962 ferus
442 901 606 981 Amphion,
629 902 693 978 regi
716 903 764 980 qui
786 901 863 962 lucta
884 907 1035 978 reportent

281 986 491 1064 Edoceantque
513 985 610 1047 dolum
629 986 802 1064 captivaque
825 1002 952 1063 corpora
974 984 1107 1058 reddant,
1231 992 1283 1046 450

281 1070 366 1131 Mittit
387 1087 493 1137 ovans;
516 1071 624 1130 clausis
644 1072 709 1149 ipse
731 1071 870 1132 insultare
891 1069 1024 1146 Pelasgis

283 1155 387 1217 Tendit
408 1163 438 1215 et
458 1155 591 1216 abscisos
613 1157 760 1215 sociorum
780 1154 937 1216 ostendere
954 1154 1060 1214 vultus.

283 1240 398 1300 Interea
417 1239 555 1301 reducem
573 1257 719 1300 murorum
738 1259 755 1300 c
777 1240 902 1300 culmine
922 1236 1000 1299 Graii

283 1323 489 1386 Thiodamanta
509 1325 626 1402 vident,
648 1343 706 1385 nec
725 1325 781 1385 iam
804 1324 984 1403 erumpentia
1004 1322 1101 1384 celant

284 1407 408 1484 Gaudia,
430 1417 461 1469 ut
482 1418 602 1469 exertos
624 1427 711 1470 enses
732 1418 763 1470 et
783 1408 877 1469 caede
894 1407 1007 1468 recenti
1230 1414 1281 1468 455

283 1493 372 1553 Arma
389 1493 496 1554 rubere
516 1503 631 1562 notant3
653 1511 746 1554 novus
768 1493 860 1554 assilit
880 1491 998 1553 aethera
1014 1509 1148 1570 magnum

285 1575 417 1653 Clamor,
442 1587 472 1637 et
492 1596 509 1637 e
530 1595 640 1638 summo
658 1578 786 1658 pendent
806 1577 910 1657 cupida
931 1579 1044 1654 agmina
1061 1576 1139 1637 vallo

283 1660 417 1722 Nosoere
436 1663 561 1741 quisque
582 1680 662 1723 suos.
699 1663 858 1724 Volucrum
881 1663 924 1722 sic
944 1661 1027 1722 turba
1048 1669 1198 1722 recentum

284 1745 377 1820 Quum
397 1747 536 1808 reducem
555 1747 645 1826 longo
666 1749 820 1828 prospexit
838 1747 867 1806 in
888 1746 1007 1807 aethere
1024 1755 1155 1821 matrem,

283 1830 331 1891 lre
350 1832 429 1910 cupit
451 1842 551 1893 contm
572 1851 741 1912 summaque
762 1851 780 1892 e
800 1833 930 1909 margine
951 1831 1009 1892 nidi
1229 1837 1282 1892 460

283 1915 372 1976 Extat
393 1917 488 1985 hians:
511 1917 701 1996 iamiamque
722 1917 823 1992 cadat,
845 1919 874 1977 ni
896 1925 1019 1995 pectore
1040 1923 1103 1976 toto

285 1999 390 2061 Obstet
412 2010 514 2079 aperta
534 2020 642 2081 parens
663 2012 693 2063 et
713 2001 874 2064 amantibus
897 2003 1030 2078 increpet
1053 1999 1117 2060 alis.

283 2084 416 2162 Dumque
439 2102 512 2165 opus
535 2104 669 2147 arcanum
691 2095 722 2147 et
740 2087 821 2146 taciti
841 2084 1013 2165 compendia
1033 2083 1133 2144 blartis

283 2169 459 2230 Enumerant
481 2169 625 2249 laetisque
645 2188 715 2231 snos
735 2169 937 2248 complexibus
958 2169 1070 2247 inplent

282 2253 457 2333 Hopleaque
480 2257 632 2334 exquirunt
652 2256 822 2334 tardumque
843 2254 986 2329 Dymanta
1002 2261 1171 2332 queruntur,
1231 2260 1282 2316 toa

284 2337 365 2398 Ecce
386 2348 416 2399 et
436 2337 563 2399 Dirceae
584 2341 663 2401 iuxta
684 2341 743 2401 dux
764 2340 895 2400 concitus
917 2339 982 2399 alae

284 2422 414 2484 Venerat
433 2423 596 2502 Amphion,
618 2441 677 2485 non
699 2425 816 2502 longum
838 2423 930 2485 caede
952 2422 1064 2484 recenti

284 2507 420 2569 Laetatus
441 2509 522 2569 videt
543 2510 699 2570 innumeris
719 2509 837 2570 fervere
860 2510 985 2569 catervis

285 2592 432 2654 Tellurem
451 2602 538 2673 atque
560 2613 614 2656 una
632 2603 750 2673 gentem
772 2594 909 2673 expirare
930 2595 1022 2654 ruina.

286 2678 341 2751 Qui
362 2687 472 2738 tremor
489 2678 597 2740 inlicita
618 2679 696 2740 coeli
718 2680 755 2740 de
777 2678 911 2758 lampade
931 2687 1026 2738 tactos
1230 2681 1284 2737 tto

284 2761 339 2821 llic
360 2762 421 2822 lixit
441 2764 590 2839 iuvenem,
615 2767 781 2843 pariterque
801 2763 924 2823 horrore
948 2763 1002 2823 sub
1024 2778 1081 2821 uno

284 2844 352 2904 Vox
374 2847 454 2906 acies
475 2849 650 2926 sanguisque
672 2850 765 2927 perit,
788 2847 971 2925 gemitusque
992 2854 1140 2925 parantem

285 2928 353 3007 lpse
375 2929 452 2990 ultro
474 2933 618 2990 convertit
639 2949 748 3010 equus;
774 2930 848 3008 fugit
868 2931 915 2992 ala
934 2939 1047 2990 retorto

285 3013 421 3074 Pulvere.
463 3013 595 3075 Nondum
616 3015 659 3076 illi
680 3013 844 3076 Thebarum
864 3015 990 3076 claustra
1010 3013 1154 3090 subibant,

286 3098 400 3159 Etiam
420 3099 531 3176 Argiva
553 3100 660 3160 cohors
674 3109 824 3161 nocturno
845 3099 920 3160 freta
941 3099 1084 3177 triumpho
1222 3105 1283 3162 sta

287 3183 403 3243 Prosilit
423 3184 452 3244 in
474 3200 609 3262 campos,
633 3202 652 3264 p
672 3204 688 3244 r
709 3193 739 3245 et
760 3202 838 3246 arma
862 3194 892 3246 et
908 3183 1038 3245 membra
1055 3184 1198 3245 iacentum

288 3265 435 3347 Tetraque
458 3270 597 3346 congerie
619 3287 684 3330 soa
705 3271 960 3348 semianimumque
978 3285 1112 3329 cruorem

288 3350 471 3430 Cornipedes
488 3354 603 3433 ipsique
623 3363 721 3424 ruunt;
740 3357 838 3432 gravis
862 3355 967 3415 exterit
988 3362 1066 3414 artus
1107 3404 1113 3413 ,.

286 3436 417 3514 Ungula,
446 3440 622 3516 sanguineus
643 3439 720 3500 lavat
741 3438 833 3499 imber
855 3447 886 3500 et
905 3438 1016 3518 inpedit
1036 3455 1117 3499 axes.

285 3520 381 3581 Dulce
400 3522 471 3582 viris
492 3523 548 3584 hac
568 3525 612 3583 ire
633 3526 695 3601 uia,
719 3541 772 3584 ceu
795 3532 873 3585 tecta
894 3522 1013 3602 superbi
1230 3529 1282 3584 480

287 3605 511 3686 Sidoniaatque
532 3609 611 3686 ipsas
634 3608 749 3670 calcent
769 3610 798 3668 iu
816 3609 939 3687 pulvere
957 3606 1081 3668 Thebas.

347 3690 484 3752 Hortatur
502 3689 672 3772 Capaneus:
702 3694 797 3754 ‘Satis
819 3692 978 3771 occultata,
999 3691 1129 3766 Pelasgiq

286 3773 406 3840 Dolituit
426 3777 532 3847 virtum
555 3796 647 3858 nuno,
668 3794 746 3841 nunc
766 3777 841 3842 mihi
856 3780 985 3841 uincere
1002 3773 1172 3852 parsurum
