3134 4434
323 429 364 492 64
660 442 693 490 r.
713 441 848 491 Parrum
871 442 989 492 oraru

323 595 440 674 Maluit,
459 599 611 660 attonitum
631 607 661 659 et
682 597 798 658 venturi
815 596 942 659 fulminis
961 599 1035 658 ictus
1095 588 1101 599 ⁸

323 683 513 761 llorrentem,
534 684 642 744 tonitru
660 691 769 744 tantum
787 682 905 762 lenique
924 682 1058 763 procella

324 767 485 829 Contentus
506 768 653 828 monuisse
675 785 791 837 seuem3
815 784 960 847 quumque
983 767 1100 831 horrida
1123 787 1211 849 supra
1277 780 1329 837 160

323 853 463 932 Aequora
486 870 617 913 curarum
639 852 738 912 socius
759 851 863 931 procul
884 850 957 912 ltala
979 870 1047 912 rura

322 937 498 1017 linqueret,
518 936 566 997 hic
586 936 692 997 molles
716 933 855 1014 Campani
873 935 969 996 litoris
990 953 1057 998 oras

323 1020 362 1083 m
382 1021 559 1083 Diomedeas
579 1021 745 1083 concedere
766 1021 863 1081 iussus
882 1021 912 1081 in
933 1038 1030 1098 arces,

323 1107 422 1184 litque
443 1105 571 1186 hospes,
593 1123 652 1166 uon
671 1104 740 1166 exul
760 1114 833 1167 crat.
873 1102 937 1164 Nec
958 1105 1041 1184 plura
1061 1115 1190 1168 moratus

323 1189 497 1252 Romuleum
519 1208 638 1252 reseras
659 1190 780 1265 iterum,
805 1187 994 1267 Germanice,
1017 1189 1105 1250 limen
1275 1201 1325 1257 165

322 1274 563 1354 hoerentemque
585 1274 672 1335 loves
691 1274 906 1352 inclinatosque
928 1283 1051 1353 penates

321 1358 430 1437 Erigis.
474 1359 557 1421 Haud
577 1360 691 1435 mirum,
714 1358 817 1418 ductor
839 1357 1052 1437 placidissime,
1075 1359 1189 1438 quarmo

243 1466 248 1483 ·
322 1443 403 1505 Haec
425 1452 485 1521 est,
508 1461 583 1523 quae
603 1444 689 1504 victis
710 1443 861 1521 parcentia
882 1441 1005 1505 foedera
1028 1439 1132 1521 Cattis,

323 1528 465 1607 Quaeque
489 1547 571 1588 suurn
592 1528 682 1589 Dacis
703 1527 791 1587 donat
813 1526 966 1588 clementia
987 1537 1125 1604 montem,

322 1612 406 1686 Quae
426 1612 513 1673 modo
533 1611 738 1673 Marcomanos
761 1620 830 1691 post
849 1611 968 1673 horrida
989 1612 1068 1673 hella
1091 1630 1245 1692 vagosque
1273 1624 1324 1681 170

322 1699 517 1764 Sauromatas¹
531 1696 613 1759 Latio
636 1714 694 1757 nou
714 1705 759 1756 est
781 1696 897 1774 dignata
915 1697 1071 1777 triumpho.

321 1780 440 1860 lamque
461 1783 491 1841 in
512 1781 569 1842 line
595 1781 675 1859 dics,
698 1790 728 1841 et
747 1780 929 1841 inexorabile
951 1799 1075 1860 pensum

320 1865 439 1925 Deficit.
477 1865 532 1926 llic
551 1865 657 1926 moesti
678 1867 774 1945 pietas
797 1882 843 1924 me
865 1867 962 1944 poscit
983 1863 1100 1927 Etrusci

233 1988 239 1995 -
321 1948 425 2024 Qualia
444 1968 501 2010 nec
521 1950 639 2011 Siculae
656 1949 844 2011 moderantur
862 1950 986 2012 carmina
1004 1968 1105 2030 mpes,

319 2032 385 2094 Nec
406 2033 456 2096 lati
478 2035 533 2095 iam
554 2044 652 2095 certus
674 2035 740 2095 olor
760 2034 902 2115 saevique
924 2036 1025 2097 marita
1273 2045 1323 2102 175

321 2117 445 2179 Tereos.
489 2118 552 2180 Heu
574 2119 688 2199 quantis
707 2119 865 2180 lassantem
886 2118 1005 2180 brachia
1023 2120 1081 2180 vidi

225 2195 229 2204 '
319 2201 486 2273 Planctibus
508 2213 538 2265 et
560 2202 768 2284 prouolutum
790 2222 880 2284 snper
900 2203 1003 2265 oscula
1023 2203 1119 2265 vultu!

320 2286 378 2346 Vix
402 2287 501 2348 famuli
521 2290 704 2368 comitesque
726 2297 841 2364 teuent,
864 2290 914 2348 vix
932 2288 1038 2349 arduus
1060 2289 1135 2366 ignis

320 2371 490 2432 Submovet.
537 2372 619 2434 Hand
641 2374 728 2434 aliter
747 2374 857 2451 gemuit
876 2373 1003 2453 periuria
1022 2371 1156 2434 Theseus

319 2453 436 2531 Litore,
459 2456 508 2534 qui
529 2456 611 2517 ialsis
633 2457 795 2535 deceperat
815 2456 921 2535 Aegea
942 2457 1028 2518 velis.

386 2539 468 2613 Tunc
488 2541 601 2602 inmane
622 2558 745 2618 gemens
766 2541 970 2622 foedatusque⁴
983 2559 1035 2603 ora
1055 2551 1189 2623 tepentes

319 2623 433 2684 hiatur
454 2623 586 2685 cineres:
610 2623 688 2685 ‘Cur
708 2642 781 2702 nos,
803 2626 959 2702 fidissime,
981 2625 1089 2706 linquis

229 2738 236 2753 ·
319 2708 448 2769 Fortuna
466 2708 623 2786 redeunte,
645 2706 750 2789 poteri
794 2708 883 2771 llodo
903 2711 1017 2775 numina
1035 2710 1131 2788 magni

318 2792 465 2854 Praesidio
488 2800 575 2873 atque
595 2793 704 2855 breves
720 2811 863 2874 superum
884 2794 1065 2874 placavimus
1085 2795 1154 2870 iras,

319 2875 383 2938 Nec
402 2877 526 2954 frueris,
549 2879 678 2957 tantique
700 2876 819 2940 orbatus
837 2879 964 2939 muueris
988 2899 1041 2940 usu

318 2962 365 3022 Ad
387 2981 504 3038 manes,
527 2964 658 3043 ingrate,
679 2962 767 3041 iugis.
809 2962 874 3024 Nec
893 2963 1015 3035 flectere
1033 2963 1141 3025 Parcas

318 3046 377 3105 Aut
395 3046 515 3125 placare
535 3047 631 3109 malae
650 3047 733 3110 datur
752 3065 859 3128 aspera
880 3049 993 3127 numina
1015 3045 1144 3111 Lethes?

317 3128 419 3206 Felix,
439 3131 485 3189 cui
507 3148 610 3210 magua
627 3139 740 3212 patrem
762 3133 879 3193 cervice
901 3132 1018 3193 vehenti

318 3213 410 3273 Sacra
426 3211 606 3289 Mycenaeae
630 3216 721 3295 patuit
741 3217 907 3299 reverentia
927 3214 1074 3281 flammae!
1139 3292 1141 3297 Ι

319 3296 435 3379 Quique
456 3306 542 3363 tener¹
562 3300 660 3359 saevis
682 3302 848 3377 genitorem
865 3300 966 3380 Scipio
988 3298 1095 3365 Poenis

317 3378 446 3442 Abstulit
469 3391 498 3441 et
517 3380 704 3461 Lydi-pietas
720 3370 880 3461 temeraria
899 3366 996 3449 hausi.

316 3464 399 3543 Ergo
421 3476 450 3527 et
469 3464 633 3528 Thessalici
651 3464 903 3553 coniuxpeusa're
925 3470 1019 3531 mariti

315 3549 413 3611 Funus
436 3559 467 3611 ct
488 3551 614 3611 inmitem
636 3552 730 3632 potuit
752 3550 844 3631 Styga
864 3556 985 3631 vincere
1004 3555 1132 3635 supplex

315 3631 479 3697 Thracius?
497 3708 499 3712 Ι
517 3635 566 3713 Ah
588 3647 695 3715 quanto
717 3628 823 3699 melius
842 3654 897 3716 ppo
915 3636 1003 3718 'patre
1023 3638 1143 3701 liceret!
1291 3714 1294 3719 Ι

314 3717 381 3793 llou
400 3729 479 3782 totus
500 3706 832 3813 iapieretamenhuqc
852 3712 963 3817 iqqcra'
977 3724 1086 3807 mittam
1241 3792 1244 3797 ,
1306 3731 1317 3745 ’
