3134 4434
269 431 329 494 134
603 444 635 492 r.
658 444 791 493 rsuram
812 442 927 494 susum

267 600 378 679 Tigrim
402 599 462 678 agit
479 607 541 660 toto
561 598 715 662 cedentem
736 599 866 661 fervidus
883 616 955 660 arvo

265 684 499 765 Praecipitatque
522 695 602 747 retro
625 687 775 762 iuvenem,
798 693 885 764 atque
907 686 935 743 in
955 693 1042 763 terga
1071 690 1201 769 supinat

265 768 409 830 Dentibus
429 770 603 832 horrendum
625 770 767 847 stridens,
789 770 974 849 geminatque
995 778 1119 834 rotatas
1235 785 1284 843 teo

264 853 496 934 hiultiplioatque
517 872 631 925 manum
653 856 767 934 rapiunt
786 855 935 914 conamina
952 854 1045 932 venti,

265 938 337 999 Pars
360 939 436 1000 cadit
460 940 488 999 iu
512 948 644 1008 caestus:
663 948 743 999 motu
764 940 924 1019 Spartanus
942 948 1029 1000 acuto

266 1021 346 1084 blille
370 1034 455 1085 cavet
475 1024 573 1103 lapsas
596 1024 703 1085 circum
726 1040 797 1086 caua
817 1033 950 1104 tempora
969 1033 1085 1086 mortes
1126 1044 1129 1049 ·

265 1107 443 1187 Auxilioque
465 1109 588 1188 pedum,
611 1109 683 1185 sed,
704 1124 762 1168 non
785 1117 880 1169 tamen
901 1111 1042 1169 inmemor
1066 1114 1156 1194 artis,

265 1191 416 1254 Adversus
438 1193 513 1271 fugit
535 1203 566 1254 et
585 1192 701 1271 fugiens
720 1201 816 1254 tamen
836 1192 940 1253 ictibus
962 1193 1071 1255 obstat.
1233 1209 1283 1268 aas

328 1275 444 1338 Etiam
465 1288 615 1358 utrumque
637 1278 721 1338 labor
743 1279 926 1358 suspiriaque
947 1295 1037 1356 aegra
1060 1279 1210 1362 fatigant.

266 1361 387 1423 Tardius
405 1363 456 1423 ille
478 1364 598 1442 premit,
619 1381 676 1424 nec
696 1363 751 1424 iarn
769 1361 817 1422 hic
834 1363 977 1423 absistere
995 1362 1101 1442 velox,

265 1446 443 1526 Deiectique
462 1448 546 1509 ambo
568 1446 691 1526 genibus
712 1448 880 1527 pariterque
903 1448 1047 1527 quierunt.

266 1532 317 1591 Sic
338 1531 386 1593 ubi
409 1532 497 1611 longa
517 1550 611 1611 vagos
628 1533 774 1593 lassarunt
794 1548 924 1612 aequora
946 1541 1059 1609 nautae,

264 1614 303 1675 Et
324 1616 408 1693 siguo
431 1616 467 1677 de
490 1635 588 1696 puppe
609 1617 677 1678 dato
699 1634 827 1696 posuere
847 1619 1004 1696 parumper
1226 1630 1279 1687 eoo

263 1699 405 1778 Brachia,
427 1702 477 1760 rix
499 1703 635 1782 requies,
657 1703 713 1762 inm
734 1717 794 1761 vox
817 1702 874 1762 ciet
895 1702 987 1762 altera
1008 1718 1123 1763 remos.

328 1782 410 1844 Eece
428 1785 531 1846 iterum
552 1786 696 1847 inmodice
717 1788 882 1847 venientem
905 1786 996 1847 eludit
1016 1796 1047 1847 et
1069 1790 1134 1851 exit
1165 1784 1170 1793 ’

264 1870 376 1948 Sponte
396 1887 484 1930 ruens
504 1888 676 1950 mersusque
698 1870 841 1931 humeris:
861 1870 1015 1932 effunditur
1036 1871 1090 1932 ille
1159 1910 1162 1915 -

264 1952 297 2013 ln
316 1963 417 2033 caput,
441 1965 641 2034 assurgentem
663 1956 721 2017 alio
744 1974 818 2035 puer
838 1955 979 2034 inprobus
998 1956 1057 2016 ictu
1157 1980 1160 1987 ·

263 2038 409 2116 Perculit,
433 2049 597 2122 eventuque
618 2041 752 2120 inpalluit
770 2042 835 2120 ipse
858 2041 998 2101 secundo.
1224 2055 1278 2112 sot

265 2122 430 2185 Clamorem
451 2124 623 2202 Inachidae,
647 2135 782 2205 quantum
803 2142 861 2186 non
883 2125 969 2186 litora
988 2124 1106 2202 tollunt,

262 2207 330 2269 Non
352 2226 485 2280 nemora-3
506 2211 586 2271 illum
604 2211 641 2272 ab
663 2210 749 2271 humo
771 2220 923 2272 conantem
942 2220 973 2272 ut
993 2209 1066 2271 uidit
1086 2210 1242 2277 Adrastus

265 2292 489 2375 Tollentemque
511 2313 611 2357 manus
634 2305 663 2357 et
683 2313 741 2355 unu
763 2295 915 2357 toleranda
937 2303 1098 2375 parantem,

266 2376 346 2454 (Ιῐε,
374 2395 442 2457 oro,
469 2381 561 2459 socii,
582 2380 666 2458 furit,
686 2381 744 2457 ite,
763 2381 904 2460 opponite
926 2381 1055 2455 dextras,

261 2460 429 2540 Festinate,
453 2463 538 2541 furit,
560 2464 743 2545 palmamque
765 2474 795 2526 et
818 2460 946 2545 praemia
968 2465 1062 2532 ierte3
1218 2474 1276 2532 elo

261 2545 329 2607 Nou
350 2548 430 2626 prius
450 2547 571 2608 effracto
591 2566 675 2628 quam
696 2551 817 2610 misceat
838 2566 889 2611 ora
913 2548 1048 2626 cerebro,¹

262 2631 415 2708 Absistet,
439 2632 543 2710 video,
565 2635 733 2694 moriturum
754 2634 867 2696 anierte
887 2630 1027 2695 hacona!

307 2715 390 2788 *Nec
411 2733 508 2778 mora:
531 2720 693 2799 prorumpit
714 2718 850 2797 Tydeus,
870 2736 927 2780 nee
948 2721 1026 2779 iussa
1043 2727 1167 2780 recusat

261 2799 484 2881 Hippomedon,
506 2812 574 2865 tunc
591 2804 640 2864 vix
665 2803 749 2865 ambo
770 2804 921 2866 conatibus
944 2802 1042 2866 ambas

261 2884 451 2967 Restringunt
472 2888 669 2969 cohibentque
691 2908 792 2951 manus
813 2908 849 2951 ac
869 2889 992 2969 plurima
1014 2887 1148 2949 suadent.
1215 2898 1273 2956 815

261 2970 396 3049 ‘Vincis,
417 2973 481 3034 abi:
504 2973 655 3053 pulchrum
672 2984 717 3035 est
737 2976 825 3037 vitam
844 2974 953 3035 donare
972 2973 1085 3033 minori.

260 3052 370 3117 Noster
390 3066 419 3118 et
440 3057 487 3119 bic
508 3059 638 3138 bellique
661 3065 785 3119 comes?
823 3057 872 3119 Nil
890 3057 1034 3137 frangitur
1051 3056 1156 3136 beros,

260 3137 439 3220 Remumque
461 3142 647 3223 oblatumque
669 3161 753 3204 mann
775 3144 895 3206 thoraca
916 3143 1037 3223 repellit

260 3222 452 3286 Vociferans:
475 3226 608 3289 ‘Liceatl
631 3245 690 3288 non
710 3229 762 3289 has
785 3246 843 3306 ego
862 3228 984 3307 puluere
1008 3243 1110 3287 craeso

260 3308 358 3388 Atque
381 3328 486 3372 cruore
508 3328 615 3390 genas,
638 3315 742 3373 meruit
763 3314 867 3393 quibus
887 3313 942 3375 iste
965 3313 1097 3374 favorem
1214 3323 1274 3380 aaa

261 3394 402 3472 Semivir,
424 3394 586 3457 infodiam?
605 3399 770 3477 mittamque
792 3398 914 3459 informe
935 3397 1074 3477 sepulcro

262 3477 377 3558 Corpus
399 3488 430 3540 et
452 3478 576 3542 Oebalio
598 3482 704 3544 donem
720 3484 824 3560 lugere
845 3478 1025 3562 magistroi’

323 3563 412 3625 Dixit.
453 3563 493 3626 At
514 3564 589 3627 huno
610 3569 684 3628 socii
701 3567 837 3629 tumidum
860 3562 1022 3630 et··uicisse
1043 3576 1202 3645 negantem

260 3647 419 3726 Avertant,
438 3659 540 3711 eontra
561 3650 677 3712 laudant
698 3653 820 3729 insignis
841 3653 983 3713 alumnum

260 3731 397 3816 Taygeti,
421 3734 574 3823 longeque
593 3738 687 3802 minas
707 3738 805 3802 risere
819 3736 969 3800 meones.
1215 3746 1275 3800 ene
1368 3734 1369 3749 ¹
