3134 4434
726 301 788 373 ills

575 458 773 509 racemos
797 459 866 508 nun.
889 459 923 507 u.

255 616 330 678 Vela
351 615 534 677 laborantem·
552 613 652 677 Calain
673 615 847 676 subnectere
869 614 946 675 malo

254 703 339 761 Voce
358 719 498 780 manuque
518 710 618 779 rogat;
646 703 774 780 quatiunt
794 702 822 760 in
843 698 954 788 ulsibpp
976 697 1019 759 illi

256 787 339 846 Nunc
355 787 449 863 freta,
470 805 545 846 nunc
562 803 674 862 muros,
769 772 1005 864 necb‘pumantia
1028 781 1133 845 cedunt
1194 794 1246 848 410

256 866 1073 953 aequora?tt'·tntn’s‘s”it‘“rtdengqg„tgrpptus,lustau
1098 894 1101 901 ·

254 956 322 1035 lpse
345 974 451 1034 graves
476 942 769 1032 doctiusoffv‘uffique
790 938 1077 1030 audireffieffai'fftem'

253 1040 355 1101 Lassat
376 1058 467 1118 agens
488 1039 597 1119 Tiphys
619 1038 787 1119 palletque,
810 1047 839 1098 et
860 1037 982 1118 plurima
999 1045 1092 1098 mutat

226 1204 227 1207 Ἴ
254 1123 379 1204 Imperia
401 1143 437 1185 ac
455 1125 555 1185 laevas
571 1125 746 1203 dextrasque
764 1123 921 1202 obtorquet
942 1123 970 1183 in
990 1122 1081 1183 undas

254 1211 372 1271 Proram
391 1210 547 1286 navifragis
566 1209 678 1270 auidam
697 1225 873 1268 concurrere
890 1208 988 1282 saxis,
1194 1217 1245 1272 415

253 1294 320 1355 Don
375 1293 411 1354 ab
435 1304 583 1354 extremae
603 1310 696 1354 cuneo
719 1294 789 1353 ratis
806 1291 926 1353 Aesone
948 1299 1031 1352 uatus

254 1379 335 1439 Palla
356 1379 401 1439 ios
421 1378 523 1455 oleae,
544 1377 639 1457 llopsi
658 1377 835 1455 gestamina,
856 1393 952 1438 ramos
1141 1361 1152 1619 q

255 1462 366 1523 Extulit
385 1472 414 1524 et
434 1464 546 1523 socium
564 1462 649 1523 turba
661 1460 838 1541 prohibente
859 1462 997 1541 poposcit

255 1546 404 1625 Foedera,
424 1547 601 1627 praecipites
623 1564 727 1607 rocem
747 1546 897 1620 involvere
919 1544 1080 1625 procellae.

319 1632 416 1692 ‘Tunc
427 1632 528 1692 modus
540 1649 699 1708 armorum,
713 1632 879 1711 pariterque
891 1626 1030 1691 exhausta
1042 1630 1173 1708 quierant
1192 1640 1245 1694 tao

255 1717 400 1794 Flamina,
426 1734 481 1777 con
495 1733 606 1796 usoque
624 1717 686 1777 dies
708 1716 840 1796 respexit
862 1714 996 1794 Olympo.

254 1802 467 1881 Quinquaginta
487 1801 529 1862 illi
549 1800 679 1862 trabibus
701 1801 737 1862 de
759 1818 840 1861 more
861 1800 999 1860 revinctis
1034 1826 1038 1833 =

254 1886 372 1948 Eminus
392 1887 515 1966 abrupto
539 1887 667 1965 quatiunt
687 1903 763 1948 nova
785 1886 869 1947 litora
884 1885 978 1968 ,saltu3

253 1970 423 2050 Magnorum
444 1970 551 2032 decora
572 1970 629 2031 alta
652 1981 780 2050 patrum,
800 1972 858 2030 iam
875 1969 973 2031 iroute
994 1969 1103 2030 sereni¹

253 2055 461 2134 Noscendique
480 2055 592 2130 habitu,
621 2057 772 2134 poaquam
792 2055 879 2115 timor
899 2056 999 2133 iraque
1021 2055 1111 2114 cessit
1135 2108 1138 2113 .
1193 2065 1245 2118 425

253 2139 402 2208 Vultibus3
423 2157 527 2200 aroana
549 2141 593 2198 sio
610 2140 684 2200 lama
706 2156 858 2218 erumpere
881 2138 965 2218 porta
995 2133 998 2139 ’
1054 2144 1069 2173 '-

255 2223 439 2300 Coelicolas,
461 2225 485 2284 si
507 2223 744 2302 quandodomus
765 2223 892 2300 litusque
909 2221 1076 2282 rubentum
1138 2212 1146 2263 l

254 2309 431 2387 Aethiopum
454 2316 483 2370 et
504 2325 618 2369 mensas
635 2325 716 2371 amor
738 2317 783 2368 est
806 2309 911 2368 intrare
932 2309 1068 2367 minores.

252 2394 329 2455 Dant
350 2394 428 2454 lluvii
449 2400 620 2471 montesque
643 2393 753 2472 locum,
776 2401 836 2453 turn
854 2401 931 2453 terra
949 2391 1083 2472 superbit

254 2478 427 2555 (irensibus,
452 2487 482 2538 et
503 2478 618 2557 paulurn
639 2478 770 2557 respirat.
786 2476 910 2538 coeliier
930 2476 1024 2538 Atlas.
1180 2485 1246 2545 ‚430

318 2563 392 2622 ellic
413 2572 444 2624 et
464 2561 500 2622 ab
523 2571 637 2629 asserto
659 2581 752 2642 nuper
771 2561 940 2624 Marathone
961 2561 1119 2642 superbum

253 2647 370 2708 Thesea
391 2656 420 2707 et
438 2647 590 2725 Ismarios,
612 2647 766 2728 Aquilonia
788 2649 931 2727 pignora,¹
950 2647 1072 2726 iratres,

234 2715 382 2811 Uimque
405 2733 469 2811 quis
486 2732 571 2792 rutila
593 2732 755 2795 stridebant
772 2738 1035 2813 ,temporepennm

254 2815 420 2884 Cernimus;
442 2815 490 2876 bic
506 2816 634 2876 Phoebo¹
646 2834 705 2876 uon
725 2817 890 2894 indignante
910 2818 1045 2896 priorem.

254 2899 407 2960 Admetum
430 2906 459 2959 et
480 2899 569 2960 durae
589 2901 712 2960 similem
731 2899 940 2979 nihil-Orphea
961 2890 1109 2976 Thraoae,
1193 2908 1246 2963 435

254 2984 337 3045 'lunc
358 2983 470 3063 prolem
492 2981 642 3059 Calydone
655 2992 752 3044 satam
772 3002 970 3063 generumque
986 2983 1136 3063 'profundi
1230 3016 1233 3021 ·

253 3068 379 3130 Nereos.
422 3066 567 3145 Ambiguo
589 3068 668 3128 visus
685 3074 787 3129 errore
809 3069 956 3129 lacessunt

256 3152 416 3215 Oebalidae
434 3153 554 3231 gemini;
579 3152 707 3229 chlamys
724 3152 806 3230 lunio,
828 3153 957 3230 chlamys
978 3153 1064 3216 ardet
1080 3163 1111 3216 et
1127 3154 1188 3233 illu·

254 3238 350 3299 Ambo
372 3238 476 3299 hastile
497 3247 618 3316 gerunt,-
640 3237 775 3298 humeros
799 3246 1075 3318 excursumque,
1179 3288 1182 3295 .
1235 3274 1240 3281 ·

254 3323 353 3384 Nudus
374 3331 498 3402 uterque
520 3340 626 3400 genas,
649 3323 734 3383 simili
755 3340 838 3384 coma
857 3322 984 3401 fulgurat
1005 3334 1094 3386 astro.
1193 3333 1246 3390 440

255 3407 351 3469 Audet
372 3409 428 3468 iter
445 3410 597 3487 magnique
620 3425 746 3488 sequens
766 3408 891 3486 vestigia
913 3417 1015 3471 mutat-

253 3492 403 3570 Herculis,
426 3502 454 3553 et
474 3493 555 3554 tarda
575 3494 704 3572 quamuis
722 3493 862 3553 semele
875 3493 1019 3555 ferentem

253 3575 311 3638 vix
330 3596 416 3638 cursu
434 3586 518 3638 tener
536 3577 768 3658 aequat-Hylas,
789 3578 977 3659 Lernaeaque
999 3577 1107 3641 to'llens
1199 3606 1202 3613 ¹

252 3660 358 3737 Arma,
380 3662 433 3722 sub
455 3663 564 3740 ingenti
582 3662 690 3741 gaudet
708 3664 814 3725 sudare
832 3663 978 3744 pharetra.

317 3746 416 3826 ‘Ergo
434 3747 537 3808 iterum
553 3747 653 3811 Venus
670 3757 700 3811 et
715 3749 815 3812 tacitis
834 3744 1198 3829 eortsmqerancxnnus
1213 3748 1274 3797 nats

1028 3924 1145 3981 qvtnq
