3134 4434
582 461 780 513 nnnnumos
802 462 872 511 ιιι.
894 461 970 511 v111.
1213 446 1273 510 160

345 620 471 701 Atque
462 639 487 680 rs
508 619 557 682 ubi
575 621 681 681 intorto
704 618 828 698 signavit
847 616 961 679 vellere
982 617 1091 685 crinem

284 706 482 786 Convenitque
505 706 584 782 deis,
606 705 690 766 hilari
709 723 764 784 per
783 713 878 764 castra
896 702 1016 763 tumultu
1223 710 1275 766 000

282 793 368 854 Vadit
391 809 495 860 ovans;
517 809 552 850 ac
574 792 666 869 prima
687 790 731 849 sui
752 789 923 850 documenta
943 785 1085 848 sacerdos

283 877 431 939 Tellurem
455 876 573 954 placare
594 884 686 954 parat.
728 873 792 934 Nec
813 873 895 934 futile
914 873 1034 932 moestis

281 962 316 1023 ld
337 963 428 1022 visum
448 960 572 1020 Danais:
595 960 726 1037 geminas
748 975 822 1036 ergo
844 958 925 1019 ilicet
944 974 1009 1018 aras
1080 976 1165 1031 ἡ

282 1045 446 1107 Arboribus
466 1045 540 1104 vivis
562 1054 592 1105 et
612 1042 711 1105 adulto
733 1045 845 1122 cespite
865 1043 961 1103 terri·-
1177 1072 1194 1107 a

282 1130 425 1210 Imperat,
445 1130 668 1208 innumerosque
685 1128 759 1189 deae
779 1145 832 1188 suu
850 1145 969 1188 munera
988 1125 1078 1187 hores
1210 1130 1277 1187 ‚300

281 1213 322 1276 Et
343 1214 474 1276 cumulos
494 1214 608 1291 frugum
628 1223 658 1274 et
674 1212 812 1292 quidquid
830 1221 918 1273 novat
934 1213 1048 1290 integer
1068 1225 1211 1284 ιιιιι,
1210 1224 1213 1229 ·

283 1299 387 1376 Addit,
411 1307 440 1359 et
461 1300 569 1359 intacto
587 1315 730 1377 spargens
750 1296 853 1358 altaria
870 1296 947 1358 lacte
1163 1310 1197 1366 s

282 1383 402 1463 Incipit:
426 1382 469 1443 0
491 1383 635 1443 hominum
656 1383 811 1482 diuumque
832 1390 958 1441 aeterna
964 1376 1146 1456 oreairix,

284 1467 367 1541 Quae
389 1467 494 1529 duvios
515 1467 663 1547 silvasque
686 1467 842 1527 animarum
861 1474 892 1526 et
912 1465 1020 1526 semina
1038 1466 1135 1527 mundi

285 1551 395 1614 Cuncta
416 1552 661 1631 Prometheasque
681 1568 780 1612 manus
802 1549 1007 1629 Pyrrhaeaque
1028 1567 1100 1610 saxa
1164 1612 1167 1616 ,
1224 1556 1277 1615 005

285 1635 401 1714 (lignis,
424 1646 454 1697 et
473 1637 593 1735 inpactis
618 1654 692 1715 quae
713 1636 804 1714 prima
825 1635 959 1695 alimenta
981 1633 1086 1695 dedisti

282 1719 458 1801 hlutastique
480 1722 579 1797 vices,
601 1739 676 1800 quae
699 1729 817 1799 pontum
840 1719 988 1798 ambisque
1010 1719 1164 1799 uobisque,

283 1805 327 1866 re
348 1825 441 1886 penes
463 1815 492 1865 et
511 1765 654 1906 peohdnm
673 1823 747 1882 gens
767 1807 843 1866 mitis
864 1813 896 1865 et
914 1805 956 1866 ira
978 1803 1103 1865 ferarum

282 1888 322 1951 Et
336 1885 493 1952 *voluerum
514 1891 648 1970 requies,
670 1891 781 1951 firmum
801 1899 888 1969 atque
907 1888 1043 1950 inmobile
1066 1888 1161 1950 mundi

283 1974 386 2036 Robur
404 1975 565 2052 inoccidui,
588 1984 617 2036 te
638 1974 728 2035 velox
749 1975 880 2035 maehina
902 1973 980 2035 noeli
1225 1982 1278 2037 310

283 2060 364 2121 Aere
386 2059 560 2140 pendentem
580 2076 691 2137 vacuo,
713 2068 743 2119 te
765 2077 868 2120 numus
888 2068 1012 2136 uterque
1088 2110 1092 2115 .

284 2143 409 2206 Circuit:
431 2162 449 2204 o
471 2161 566 2204 rerum
588 2143 683 2205 media
704 2143 884 2222 indivisaque
905 2143 1016 2220 magnis

282 2228 450 2290 Fratribus!
474 2246 546 2306 ergo
566 2227 649 2289 simul
669 2236 714 2288 tot
734 2227 870 2305 gentibus
889 2227 979 2303 alma,
1001 2235 1046 2286 tot
1066 2226 1132 2288 altis

283 2313 412 2375 Urbibus
436 2331 471 2374 ac
493 2312 609 2393 populis
632 2312 809 2391 subterque,
827 2330 863 2372 ac
885 2312 1013 2390 desuper
1038 2330 1095 2373 uua

284 2399 418 2475 Subicio,
442 2398 663 2477 astriferumque
683 2397 786 2459 domos
804 2396 921 2459 Atlanta
942 2414 1084 2476 supernas
1226 2408 1279 2464 315

283 2482 376 2544 Perre
400 2483 597 2559 laborantem,
617 2482 697 2542 nullo
718 2481 803 2543 vehis
824 2482 888 2561 ipsu
908 2481 1022 2558 labore,

282 2567 346 2630 Nos
366 2577 473 2629 tantum
491 2578 609 2648 portare
631 2564 746 2645 negas?
766 2583 837 2643 nos,
858 2567 940 2644 diva,
961 2565 1114 2644 munds?

284 2652 388 2729 Quod,
410 2670 533 2732 precor,
554 2653 646 2730 ignari
666 2653 768 2713 luimus
790 2648 912 2713 scelus?
933 2670 970 2712 an
993 2653 1058 2730 quin
1078 2653 1185 2734 plebes

284 2735 412 2797 Externa
433 2737 556 2799 Inachiis
576 2737 633 2797 huc
654 2736 841 2798 adventamus
859 2735 896 2797 ab
915 2733 997 2797 oris?

285 2819 376 2880 Omne
399 2821 505 2881 homini
525 2820 622 2880 natale
641 2820 752 2897 solum,
775 2838 833 2880 ιιι
852 2829 899 2894 te,
924 2821 1049 2900 optima,
1070 2839 1161 2885 saevo
1228 2831 1280 2887 300

285 2903 441 2984 Tamquam
461 2905 583 2965 humiles
599 2904 726 2983 populos
745 2904 851 2964 deceat
871 2903 1048 2981 distinguere
1067 2905 1135 2984 line,

284 2988 418 3069 Undique
439 2988 547 3068 ubique
565 2998 647 3058 tuos;
671 3006 788 3049 maneas
811 2990 966 3049 communis
989 2997 1018 3048 et
1038 3007 1116 3052 arma

285 3074 359 3133 Hinc
379 3083 466 3152 atque
487 3073 554 3134 inde
572 3073 666 3144 ieras;
686 3073 789 3151 liceat,
812 3090 934 3152 precor,
958 3073 1059 3135 ordine
1082 3075 1155 3137 belli

285 3159 436 3236 Pugnaces
459 3157 561 3219 efflare
579 3159 687 3219 animas
708 3167 738 3218 et
754 3158 881 3219 reddere
904 3157 1001 3219 coelo.

284 3242 330 3302 Ne
353 3261 424 3323 rape
446 3252 504 3304 tam
526 3241 627 3304 subitis
648 3243 787 3323 spirantia
809 3259 935 3322 corpora
952 3243 1056 3320 bustis,
1226 3254 1278 3310 ιιι

285 3327 331 3387 Νι
353 3345 497 3407 propera:
518 3328 667 3388 veniemus
689 3327 781 3403 enim,
805 3345 863 3407 quo
885 3327 975 3388 limite
999 3329 1104 3408 cuncti,

285 3411 350 3486 Qua
371 3412 441 3473 licet
460 3415 503 3473 ire
522 3415 583 3482 via;
605 3422 712 3475 tanturn
736 3421 858 3474 exorata
875 3411 1007 3491 Pelasgis

286 3499 364 3558 Siste
383 3497 478 3557 levem
500 3515 647 3576 campum,
668 3496 785 3558 celeres
804 3515 862 3558 neu
881 3499 1023 3577 praecipe
1044 3496 1161 3561 Parcas.

284 3581 324 3643 dt
346 3591 376 3642 tn
397 3599 466 3643 care
488 3582 565 3659 dcis,
585 3600 671 3662 quem
692 3599 751 3642 non
770 3600 870 3643 manus
891 3582 951 3644 ulla
971 3601 1027 3645 nso
1049 3602 1136 3646 enses

284 3667 410 3744 Sidonii,
434 3667 488 3729 sed
509 3684 613 3745 magna
635 3669 698 3728 sinn
718 3677 820 3728 natura
837 3668 945 3745 soluto,
1228 3676 1288 3728 m

284 3749 345 3812 (len
367 3760 396 3813 te
418 3749 570 3828 Gyrrbaco
594 3753 729 3817 meritum
745 3752 908 3817 tumularet
920 3752 1025 3827 lautu,
1290 3754 1292 3759 '
