3134 4434
608 452 807 503 nnnmmoe
828 453 897 501 urs.
920 453 955 503 x.
1220 429 1283 503 '225

283 611 421 674 Fulminis
442 609 519 670 haud
539 610 624 671 citius
642 608 729 670 radiis
753 607 851 669 afflata
871 623 1033 686 cupressus

284 696 433 757 Combibit
455 695 576 755 infestas
597 703 628 754 et
648 695 742 773 stirpe
763 703 794 754 et
812 693 926 754 vertice
945 691 1083 769 dammas,
1232 700 1283 759 675

286 782 378 856 Quam
398 781 510 841 iuvenis
531 778 621 839 multo
644 795 802 858 possessus
819 777 933 839 numine
952 784 1056 855 pectus

282 866 387 927 Erexit
408 883 511 925 sensus
529 864 638 942 letique
659 863 764 924 invasit
785 879 923 923 amorem.

282 951 323 1012 Ut
342 967 413 1011 vero
438 967 559 1009 aversae
581 965 774 1026 gressumque
793 942 980 1024 habitumque
1000 946 1122 1023 notavit,

280 1035 321 1096 Et
342 1035 466 1096 subitam
486 1051 503 1094 a
525 1035 612 1093 terris
629 1033 659 1092 in
677 1030 776 1094 nubila
799 1049 939 1092 crescere
957 1029 1068 1107 Manto,

283 1120 447 1199 Obstupuit.
491 1118 681 1197 ‘Sequimun
703 1116 799 1177 dirum
822 1132 1021 1195 quaecumque
1042 1117 1168 1195 vocasti,
1231 1123 1284 1182 680

281 1204 349 1265 Nec
369 1205 451 1264 tarde
472 1221 608 1282 paremus
616 1205 637 1278 ‚'
660 1202 714 1269 ait3
737 1200 909 1280 iamiamque
930 1198 1077 1261 recedens

281 1289 441 1351 luctantem
459 1288 539 1349 vallo
561 1286 673 1362 Pylium
693 1294 789 1347 tamen
809 1285 910 1364 Agrea
929 1284 1000 1345 fixit.

284 1374 430 1450 Armigeri
452 1373 561 1434 fessum
579 1371 742 1450 excipiunt;
765 1378 825 1431 tum
845 1368 951 1447 vulgus
974 1377 1089 1432 euntem

286 1459 446 1518 Auctorem
468 1457 550 1536 pacis
570 1464 813 1533 servatoremque
832 1453 975 1533 deumque

287 1541 458 1603 Conclamat
482 1539 613 1619 gaudem
633 1549 721 1619 atque
741 1537 857 1617 ignibus
876 1538 968 1618 inplet
989 1537 1130 1600 honestis.
1230 1547 1283 1605 685

283 1627 403 1705 lamque
424 1627 481 1686 iter
502 1627 538 1686 ad
559 1642 657 1685 muros
675 1642 761 1685 cursu
783 1623 906 1684 festinus
927 1622 1033 1684 anhelo

284 1711 404 1772 obtinet
426 1719 455 1770 et
475 1712 599 1771 miseros
620 1710 729 1787 gaudet
749 1709 860 1770 vitasse
882 1716 1032 1788 parentes,

284 1795 357 1858 Cum
376 1796 491 1874 genitor
503 1817 559 1864 —·;
576 1802 776 1872 steteruntque
798 1793 882 1854 ambo
900 1802 931 1853 et
946 1810 1006 1853 vox
1020 1790 1116 1855 haesit
1129 1792 1283 1874 utrinque,

282 1882 486 1959 Deieotaeque
506 1897 617 1958 genae;
640 1879 754 1940 tandem
776 1887 860 1958 pater
881 1887 947 1938 aute
969 1877 1117 1957 profatur:

349 1964 441 2040 <Quis
462 1982 556 2025 novus
577 1963 702 2043 inceptis
723 1963 819 2043 rapuit
837 1972 868 2023 te
887 1979 973 2023 casus
995 1960 1031 2023 ab
1053 1959 1161 2025 armis?
1232 1970 1285 2027 690

285 2050 368 2125 Quae
386 2049 467 2111 bello
484 2049 620 2127 graviora
641 2042 749 2127 paras?
769 2047 834 2123 dic,
853 2054 939 2123 nate,
958 2048 1101 2125 precanti,

285 2133 345 2196 Cur
366 2135 418 2194 tibi
439 2143 522 2195 torva
544 2133 643 2209 acies,
669 2150 720 2192 cur
739 2130 788 2191 hic
808 2130 988 2193 truculentus
1007 2131 1035 2190 in
1057 2149 1111 2192 ore

285 2219 401 2296 Pallor,
424 2228 453 2278 et
472 2219 507 2279 ad
527 2218 638 2297 patrios
660 2233 725 2276 nou
739 2224 816 2277 stant
836 2223 885 2276 tua
907 2215 1012 2276 lumina
1033 2211 1152 2276 vultus?

284 2303 400 2365 Audisti
420 2320 580 2383 respousa,
603 2300 698 2381 palam
720 2308 778 2370 est;
801 2316 932 2380 perego
957 2317 1010 2360 oro
1032 2309 1168 2380 tuosque,

286 2387 379 2466 Nate,
397 2405 539 2466 meosque
561 2404 651 2447 annos
672 2386 858 2464 miseraeque
877 2403 932 2463 per
953 2385 1044 2446 ubera
1064 2386 1173 2462 matris,
1233 2394 1285 2451 695

283 2472 331 2533 Ne
353 2475 427 2550 vati,
450 2492 487 2533 ue
506 2471 613 2548 crede,
635 2488 719 2549 puer.
761 2470 906 2549 Superius
926 2469 1079 2549 profanum

284 2558 447 2636 Dignantur
469 2556 616 2618 stimulare
638 2574 755 2632 senem,
778 2554 825 2614 cui
846 2554 943 2616 vultus
963 2555 1056 2619 inanis

285 2643 473 2722 Extinotique
495 2642 584 2702 orbes
607 2651 636 2702 et
654 2659 750 2722 poena
769 2639 913 2701 simillima
935 2640 998 2701 diro

286 2725 477 2806 Oedipodae?
499 2727 566 2805 quid
589 2727 614 2786 si
633 2726 743 2787 insidiis
766 2734 797 2786 et
816 2724 918 2786 fraude
941 2724 1046 2786 dolosa

286 2810 353 2871 Rex
376 2812 452 2888 agit,
474 2819 604 2870 extrema
624 2819 671 2870 est
692 2810 739 2870 cui
760 2817 861 2869 nostra
881 2808 911 2868 iu
931 2818 1014 2870 sorte
1035 2810 1130 2872 timori
1235 2818 1286 2873 700

285 2893 431 2955 Nobilitas
453 2903 560 2972 tuaque
582 2902 648 2954 ante
671 2894 762 2955 duces
780 2892 931 2954 notissima
954 2891 1066 2955 virtus?

285 2979 367 3040 lllius
386 2979 461 3040 haec
480 2978 580 3038 forsan
598 2994 711 3053 remur,
733 2994 809 3056 quae
827 2976 919 3038 verba
941 2976 1061 3040 deorum

284 3064 340 3125 llle
362 3072 476 3130 monet:
500 3081 537 3122 ne
558 3062 641 3123 frena
661 3062 754 3124 animo
776 3062 911 3142 permitte
932 3062 1048 3140 calenti,

284 3148 330 3208 Da
364 3151 487 3227 spatium
508 3157 682 3226 tenuemque
699 3163 825 3223 moram,
847 3146 923 3207 mule
945 3158 1050 3210 cuncta
1066 3148 1206 3211 ministrat

285 3233 420 3312 lupetus;
442 3233 516 3308 hoc,
537 3248 607 3309 oro,
628 3249 728 3292 munus
749 3231 881 3315 concede
898 3233 1021 3311 parenti.
1235 3239 1286 3299 705

286 3319 337 3378 Sic
359 3327 407 3378 tua
424 3318 541 3379 maturis
560 3318 709 3394 signentur
729 3325 863 3395 tempora
885 3317 975 3393 canis,

286 3402 325 3463 Et
354 3404 394 3462 sis
416 3404 480 3482 ipse
500 3420 607 3483 parens
631 3410 660 3462 et
680 3400 716 3463 ad
734 3400 828 3477 huno,
850 3401 997 3478 animose,
1019 3401 1151 3465 timorem

285 3487 459 3555 Pervenias;
481 3506 518 3548 ue
539 3506 633 3566 perge
656 3504 739 3548 meos
761 3484 867 3546 orbare
886 3496 1018 3564 penates.

287 3571 408 3654 Enterni
430 3582 461 3632 te
481 3591 587 3652 nempe
603 3581 703 3653 patres
725 3571 878 3650 alienaque
898 3580 1019 3650 tangunt

285 3652 432 3735 Pignora?
456 3658 480 3717 si
502 3657 596 3737 pudor
616 3667 677 3734 est,
699 3658 821 3736 primum
844 3657 985 3718 miserere
1012 3666 1134 3719 tuorum.
1241 3664 1292 3721 710

286 3741 366 3802 Haeo
386 3744 498 3821 pietas,
516 3741 565 3803 hio
585 3761 672 3804 verus
694 3742 804 3820 honos,
826 3739 867 3803 ihi
884 3740 982 3821 gloria
1002 3751 1111 3807 tantum

329 3847 465 3890 suemus
489 3847 524 3888 11.
1087 3826 1125 3886 15
