3134 4434
591 471 791 522 THEBAIDOS
813 472 891 521 tutu,
905 472 966 520 vn.

284 628 321 690 Et
338 629 471 689 lacrimas
492 627 545 689 bas
568 627 690 707 quisque
710 628 803 702 domi,
826 646 878 690 sua
901 628 1013 688 credite
1034 628 1116 688 metri

283 715 416 775 Viscera.
461 715 493 774 Si
514 711 599 772 vobis
616 711 663 771 bic
683 730 774 792 parvo
796 714 824 772 in
845 723 977 791 tempore
1001 729 1100 787 carus,

284 800 384 877 Sitque
400 816 524 878 precor,
549 796 616 875 quid
631 814 692 873 me,
713 814 783 873 oro,
806 794 913 858 decet?
932 797 1039 877 quidve
1055 797 1127 873 ista,
1150 795 1277 874 Pelasgi,

284 881 405 944 Ubera?
428 882 464 943 ab
482 881 623 957 Hyrcanis
645 881 702 942 hoc
720 881 901 961 Odrysisque
923 881 1053 941 tulissem
1101 899 1105 905 ’

284 967 434 1045 Regibus,
460 977 488 1028 et
510 967 534 1026 si
557 967 605 1046 qui
626 976 743 1027 nostros
761 968 862 1027 vicere
884 966 1010 1026 furores.
1226 976 1277 1030 tao

284 1052 424 1129 Annuite,
447 1061 495 1112 aut
516 1061 610 1111 uatum
633 1051 788 1129 complexa
810 1049 1071 1129 superstitebello

283 1137 339 1197 llic
360 1137 487 1196 moriar!
532 1135 666 1196 Tumidos
686 1136 860 1213 frangebant
879 1136 956 1196 dicta
977 1135 1130 1212 cohortes,

283 1221 482 1300 Nutantesqne
506 1222 596 1280 virum
616 1220 735 1297 galeas,
758 1231 789 1281 et
811 1238 913 1298 sparsa
929 1219 1047 1280 videres

283 1305 413 1366 Fletibus
435 1324 512 1366 arma
531 1307 602 1384 piis,
626 1304 728 1382 quales
750 1304 800 1364 ubi
818 1304 877 1366 tela
898 1305 1036 1384 virosque
1113 1313 1115 1316 ⁴

285 1391 415 1450 Pectoris
436 1390 551 1470 inpulsu
571 1389 664 1468 rapidi
685 1400 817 1450 stravere
841 1389 960 1458 leones;
1228 1394 1280 1450 550

286 1474 417 1534 Protinus
440 1477 481 1535 ira
504 1477 611 1549 minor,
635 1474 819 1552 gaudentque
839 1476 868 1533 in
891 1490 1016 1553 corpore
1037 1482 1125 1552 capto

286 1559 423 1620 Securum
445 1561 562 1620 differre
584 1559 705 1618 famem:
728 1561 772 1618 sic
794 1559 871 1619 flexa
888 1557 1042 1637 Pelasgum

288 1643 382 1705 Gorda
403 1644 518 1721 labant,
541 1645 670 1721 ferrique
694 1644 795 1704 avidus
815 1651 1018 1704 mansueverat
1040 1642 1136 1703 ardor.

346 1729 415 1808 lpse
437 1731 521 1789 etiam
540 1738 607 1788 ante
630 1744 731 1788 omnes
750 1747 825 1789 nuno
847 1729 944 1789 matris
966 1727 1002 1788 ad
1022 1727 1124 1788 oscula
1142 1744 1258 1800 versus,

285 1813 367 1873 Nunc
386 1814 465 1874 rudis
485 1814 632 1888 Ismenes,
656 1831 731 1873 nunc
752 1813 896 1873 debiliora
918 1814 1064 1891 precantis
1229 1819 1280 1874 535

286 1898 463 1975 Antigones,
486 1901 625 1978 variaque
648 1899 769 1957 animum
792 1899 925 1958 turbante
945 1896 1078 1975 procella

285 1982 441 2043 Exciderat
463 2001 598 2061 regnum;
622 1985 700 2061 cupit
718 1984 779 2058 ire,
807 1993 836 2043 et
856 1984 931 2042 mitis
952 1981 1093 2042 Adrastus

285 2067 350 2128 Non
370 2076 464 2137 vetat;
492 2068 540 2128 bic
561 2068 654 2126 iustae
677 2066 795 2142 Tydeus
819 2084 930 2126 memor
952 2075 1077 2144 occupat
1098 2067 1175 2125 irae:

349 2150 415 2212 ‘llle
436 2153 533 2232 potius
553 2153 646 2226 socii,
670 2152 719 2229 qui
740 2150 826 2210 lidum
848 2151 992 2211 Eteoclea
1013 2169 1106 2229 nuper

283 2236 448 2316 Expertus,
472 2255 529 2297 nec
547 2237 639 2296 frater
658 2254 751 2311 eram,
771 2253 818 2295 me
841 2237 981 2314 opponite
1003 2236 1085 2312 regi,
1230 2241 1282 2296 tto

285 2320 373 2382 Cuius
392 2321 486 2382 adbuc
504 2339 609 2401 pacem
629 2321 778 2396 egregiam
800 2329 830 2380 et
851 2319 927 2380 bona
947 2319 1068 2380 foedera
1089 2327 1175 2396 gesto

284 2407 409 2467 Pectore
432 2409 460 2465 in
480 2406 547 2466 boo.
591 2404 647 2464 Ubi
668 2413 736 2464 tunc
757 2404 826 2464 lidei
847 2406 987 2484 pacisque
1006 2413 1165 2483 sequestra

283 2491 376 2551 Mater
398 2509 480 2568 eras,
504 2491 634 2570 pulchris
657 2507 743 2568 quum
763 2508 810 2549 me
828 2507 887 2549 nox
905 2499 1003 2550 vestra
1020 2498 1131 2550 morata
1152 2495 1197 2547 est

284 2574 446 2655 Hospitiis?
475 2595 579 2655 nempe
602 2575 677 2635 baec
696 2575 785 2636 trabis
807 2574 843 2634 ad
866 2575 1039 2636 commercia
1061 2569 1178 2635 natum?

284 2660 349 2720 Duc
371 2660 499 2721 illumin
522 2679 670 2739 campum,
693 2669 794 2720 vestro
819 2661 867 2738 qui
890 2660 1031 2738 sanguine
1050 2659 1165 2739 pinguis
1231 2663 1283 2719 545

284 2746 382 2823 Spirat
400 2745 493 2805 adbuc
514 2747 687 2825 pinguisque
708 2762 785 2805 meo.
831 2744 874 2804 Tu
896 2762 985 2824 porro
1007 2745 1141 2822 sequeris

283 2828 348 2888 Heu
369 2829 484 2888 nimium
505 2831 597 2905 mitis,
619 2831 791 2909 nimiumque
811 2828 903 2889 oblite
924 2825 1058 2888 tuorum?

285 2913 408 2972 Scilicet
426 2913 549 2972 iniestae
571 2931 657 2991 quum
675 2923 705 2972 te
728 2913 983 2990 circumundique
1006 2912 1128 2973 dextrae

284 2996 439 3057 Nudabunt
462 3014 565 3070 enses,
591 2995 665 3055 baec
683 2995 765 3056 flebit
788 3005 818 3056 et
839 3015 917 3059 arma
935 2991 1107 3075 quiescent?

286 3082 366 3142 Tene
388 3081 455 3158 ille,
477 3081 534 3141 beu
556 3081 693 3156 demens,
714 3081 807 3141 semel
829 3081 901 3141 intra
918 3081 1032 3142 moenia
1053 3080 1183 3141 clausum
1231 3091 1283 3144 550

284 3168 515 3245 Possessumque
536 3166 610 3225 odiis
630 3164 739 3242 Argiva
761 3167 790 3225 iu
812 3175 907 3227 castra
927 3162 1074 3228 remittet?

285 3251 361 3311 Ante
383 3251 458 3312 baec
480 3267 606 3311 excusso
627 3249 797 3310 frondescet
817 3250 920 3312 lancea
940 3250 1039 3327 ferro,

284 3337 407 3397 lnaobus
427 3345 493 3397 ente
516 3345 595 3396 retro
617 3344 776 3414 nosterque
799 3335 950 3396 Achelous
969 3335 1096 3397 abibunt.

284 3422 343 3482 Sed
365 3423 432 3481 mite
456 3421 614 3500 alloquium
631 3428 661 3480 et
684 3421 779 3480 saevis
799 3438 857 3500 pax
879 3421 1027 3500 quaeritur
1046 3421 1149 3498 armis,

284 3505 365 3566 llaec
388 3523 504 3584 quoque
528 3515 622 3567 castra
646 3514 762 3584 patent,
786 3505 908 3565 necdum
929 3523 1063 3566 mernere
1083 3507 1188 3566 timeri.
1231 3516 1282 3569 555

283 3590 329 3650 bn
351 3600 508 3669 suspectus
528 3587 608 3668 ego?
628 3590 756 3651 abscedo
781 3599 811 3650 et
830 3609 894 3651 mee
915 3590 1035 3652 vulnera
1057 3591 1145 3652 douo.

284 3675 374 3736 lntret
396 3684 425 3735 et
442 3675 489 3736 bio
509 3676 644 3752 genetrix
666 3676 769 3736 eadem
791 3675 963 3756 mediaeque
984 3692 1120 3737 sororesr

280 3759 374 3838 Finge
394 3769 489 3822 autem
508 3761 606 3840 pactis
626 3762 753 3823 evictum
774 3760 930 3824 excedere
948 3761 1079 3838 remiis,
