3134 4434
556 809 602 892 r.
632 758 843 893 enemo
872 805 1051 891 suurn

442 971 1179 1080 SILVARUM

647 1161 967 1238 euenor.

708 1341 906 1354 μ

630 1492 682 1545 ΑΙ)
712 1491 991 1546 ABASOANTIUM.

376 1589 527 1706 omnihus
555 1641 708 1706 affectibus
730 1643 937 1723 prosequenda
964 1651 1031 1704 sunt
1058 1641 1135 1704 bona
1166 1643 1310 1723 exemplu,

315 1747 401 1807 quum
421 1729 539 1810 publice
560 1730 683 1809 prosint.
723 1728 838 1806 Pietas,
862 1747 946 1807 quam
966 1728 1117 1789 Priscillae
1139 1736 1207 1789 tuac
1226 1746 1310 1807 prae·

314 1824 391 1894 stas,
413 1825 443 1875 et
460 1831 571 1875 morum
590 1823 704 1875 tuorum
725 1831 794 1892 pars
816 1814 888 1874 nulli
907 1831 965 1895 non
986 1813 1144 1874 conciliare
1162 1821 1203 1890 te,
1227 1829 1311 1892 prae·

315 1900 401 1979 cipue
420 1900 533 1976 marito,
552 1906 661 1979 potest.
698 1898 827 1959 Uxorem
847 1899 921 1959 enim
942 1899 1036 1959 vivam
1056 1915 1152 1959 amare
1173 1897 1312 1976 voluptas

315 1992 371 2060 est,
394 1984 557 2045 defunctam
575 1984 691 2062 religio.
723 1983 791 2061 Ego
812 1991 906 2044 tamen
925 1982 991 2043 huic
1011 1984 1096 2062 operi
1113 1999 1171 2043 non
1189 1992 1220 2043 ut
1239 1998 1312 2041 unus

315 2087 332 2129 e
347 2066 442 2146 turha,
457 2087 514 2130 nec
527 2078 635 2130 tantum
651 2068 733 2147 quasi
751 2069 862 2128 otiosus
878 2068 987 2129 assilui.
1020 2067 1136 2127 Amavit
1149 2068 1226 2128 enim
1240 2083 1312 2126 uxo·

313 2170 376 2213 rem
401 2172 494 2216 meam
515 2153 648 2216 Priscilla
670 2161 700 2214 et
725 2153 845 2214 amando
869 2153 940 2214 lecit
966 2153 1034 2214 milri
1055 2152 1133 2212 illam
1162 2151 1312 2231 probatio-

314 2255 393 2305 rem;
428 2247 496 2318 post
523 2238 581 2300 hoc
610 2241 740 2316 ingratus
766 2257 844 2313 sum,
875 2238 900 2297 si
929 2238 1062 2299 lacrimas
1091 2247 1154 2298 tuas
1182 2245 1311 2297 transeo.

314 2321 470 2387 Praeterea
488 2324 564 2385 latus
587 2341 672 2384 omne
693 2322 807 2384 divinae
829 2323 929 2384 domus
952 2341 1069 2401 semper
1090 2321 1236 2382 demereri
1256 2337 1311 2399 pro

314 2424 381 2475 mea
402 2407 603 2468 mediocritate
625 2407 767 2468 connitor.
797 2406 870 2467 Nam
892 2408 941 2486 qui
961 2407 1038 2468 bona
1059 2406 1116 2467 lide
1137 2405 1211 2466 deos
1230 2405 1312 2481 colit,

315 2500 391 2551 amat
412 2499 441 2551 et
469 2492 650 2552 sacerdotes.
690 2491 750 2553 Sed
772 2491 901 2571 quamvis
927 2493 1096 2572 propiorem
1116 2509 1222 2551 nexum
1244 2491 1312 2551 umi-

317 2575 403 2635 citiae
425 2583 492 2636 tuae
514 2575 682 2654 iampridem
704 2593 852 2656 cuperem,
875 2577 992 2639 mallem
1009 2585 1104 2638 tamen
1126 2576 1251 2639 nondum
1271 2576 1313 2635 in·

314 2660 479 2721 tersenisse
500 2661 658 2721 materiam.

680 2744 807 2824 Reliqua
828 2744 941 2807 desunt.

416 2906 448 2973 ΙΙ.
476 2903 702 2957 ABASOANTII
731 2903 773 2956 IN
795 2902 1026 2956 PRISCILLAM
1055 2902 1204 2955 Plures.

379 3001 410 3062 Si
427 3018 527 3061 manus
547 3011 596 3063 ant
617 3000 727 3062 similes
748 2999 854 3061 docilis
875 2998 943 3061 milri
964 2999 1076 3076 lingere
1096 3016 1183 3063 ceras

317 3085 375 3145 Aut
397 3084 469 3146 ebur
490 3086 630 3165 inpressis
651 3102 788 3147 aurumve
810 3085 937 3146 animare
959 3084 1071 3162 figuris,

316 3169 404 3247 Hinc,
425 3169 572 3247 Priscilla,
595 3179 645 3231 tuo
665 3170 771 3231 solatia
791 3179 875 3247 grata
894 3170 996 3229 marito

318 3252 521 3332 conciperem.
564 3252 695 3334 Namque
717 3255 840 3332 egregia
860 3256 971 3334 pietate
992 3262 1131 3332 meretur,

317 3338 355 3399 Ut
374 3337 425 3398 vel
444 3336 573 3418 Apelleo
591 3339 689 3401 rullus
707 3340 820 3417 signata
843 3340 958 3416 colore,
1298 3351 1316 3402 5

316 3423 452 3485 Phidiaca
473 3424 523 3485 vel
544 3433 610 3486 nata
632 3442 716 3485 manu
734 3423 860 3485 reddare
880 3423 1000 3485 dolenti.

318 3509 369 3569 Sic
390 3508 506 3569 auferre
526 3506 756 3589 rogis‘umhram
780 3518 901 3571 conatur
923 3510 1076 3586 elingens

319 3590 473 3654 Certamen
495 3611 559 3655 cum
578 3602 671 3656 morte
691 3593 784 3672 gerit,
809 3611 953 3674 curasque
974 3594 1078 3671 fatigat

318 3677 468 3741 Artificum
489 3679 576 3760 inque
599 3681 675 3742 omni
695 3688 726 3741 te
747 3681 860 3757 quaerit
880 3697 977 3742 amare
998 3676 1126 3741 metallo.
