3134 4434
585 485 785 537 uuunumos
804 486 874 534 em·
889 487 937 535 ux.
1200 475 1260 538 185

256 648 407 725 latorquet
429 642 568 726 iaculum,
595 642 668 703 duro
691 641 769 720 quod
792 642 821 702 in
842 660 912 704 aere
930 652 1071 703 moratum

257 731 525 807 Transmissumque
547 736 643 786 tamen
665 726 755 805 clipei
776 729 855 788 stetit
877 728 949 787 orbe
969 730 1109 789 secundo.
1207 741 1260 793 105

256 817 328 877 lnde
347 816 459 876 Pheres
479 830 607 891 acerque
626 811 741 888 Lycus,
765 811 820 872 sed
843 830 927 872 cassa
947 811 1080 874 Pheretis

256 902 347 962 Hasta
368 899 460 975 redit,
481 896 577 973 Lycus
598 896 720 956 excelso
742 905 856 959 terrore
880 904 1041 959 comantem

255 985 426 1046 Perstrinxit
447 982 577 1060 galeam
601 980 759 1041 convulsae
782 981 904 1060 cuspide
926 981 1016 1060 longe

255 1070 409 1147 Diffugere
432 1067 534 1143 iubae,
558 1067 707 1145 patuitque
730 1065 854 1144 ingloria
877 1069 979 1127 cassis

255 1155 324 1233 lpse
346 1172 403 1213 nec
424 1155 468 1212 ire
490 1161 587 1226 retro,
610 1169 666 1210 nec
688 1152 717 1211 in
738 1151 826 1212 obvia
848 1153 980 1212 concitus
1000 1170 1078 1213 arma
1206 1164 1259 1216 110
1311 1183 1313 1186 ·

255 1239 363 1315 Exilit,
386 1238 472 1316 inque
495 1237 599 1296 eadem
620 1253 688 1294 sese
711 1236 838 1313 vestigia
859 1254 978 1314 semper

258 1323 408 1384 Obversus
430 1322 539 1381 cunctis
564 1320 676 1400 profert
696 1321 879 1398 recipitque,
902 1339 957 1380 neo
976 1339 1108 1399 umquam

255 1407 384 1485 Longius
404 1405 535 1482 indulget
554 1406 676 1465 dextrae
697 1414 850 1482 motusque
871 1423 925 1484 per
947 1423 1048 1466 omues

259 1490 373 1570 Corpus
391 1500 481 1565 amat,
505 1508 612 1568 corpus
633 1507 753 1548 servans
776 1491 943 1568 circumque
961 1509 1107 1570 supraque

256 1577 396 1636 Vertitur.
437 1573 579 1635 Inbellem
600 1592 657 1634 nou
681 1575 724 1634 sie
746 1575 881 1653 amplexa
903 1577 1056 1636 iuvencum
1207 1589 1258 1643 115

257 1653 418 1721 Infestante
437 1659 524 1738 lupo,
547 1677 632 1737 quum
654 1660 774 1738 primum
797 1659 877 1720 loeta
898 1668 995 1720 tuetur

257 1745 352 1806 Mater
375 1755 404 1804 et
428 1745 546 1822 ancipiti
568 1743 735 1804 circumfert
760 1761 870 1805 cornua
889 1763 979 1823 gyro;

257 1829 326 1909 Ipsa
348 1830 418 1890 nihil
440 1838 571 1888 metuens
592 1846 739 1907 sexusque
763 1829 855 1889 oblita
873 1831 992 1890 minoris
1035 1838 1041 1854 ·

258 1917 379 1995 Spumat
400 1923 429 1974 et
450 1916 584 1991 ingentes
605 1915 729 1973 imitatur
749 1913 856 1974 femina
879 1924 989 1976 tauros.

322 1999 450 2060 Tandem
466 1999 629 2059 intermissa
651 1998 823 2058 iaculantum
842 1999 919 2060 nube
941 2008 1074 2078 potestas
1208 2011 1259 2064 120

257 2084 395 2144 Reddere
415 2083 474 2143 tela
494 2082 562 2151 luit;
584 2100 707 2161 namque
730 2091 760 2142 et
781 2084 936 2159 Sicyonius
954 2083 1051 2143 Alcon

256 2170 387 2229 Venerat
405 2167 529 2243 auxilio,
552 2167 714 2245 Pisaeaque
733 2169 884 2246 praepetis
905 2168 973 2228 ldae

258 2253 355 2314 Turba
377 2252 455 2313 subit
475 2270 654 2330 cuneumque
675 2251 806 2329 repleut;
832 2252 877 2312 his
899 2253 992 2313 iretus
1012 2253 1041 2311 in
1061 2250 1162 2311 hostes

257 2337 416 2398 lernaeam
438 2339 506 2397 iacit
526 2338 590 2415 ipse
615 2336 743 2411 trabem,
766 2336 847 2397 volat
869 2337 920 2398 illa
942 2337 1056 2415 sagittis

257 2422 361 2502 Aequa
381 2422 466 2500 iuga,
489 2421 671 2501 mediumque
691 2421 761 2482 nihil
782 2430 916 2483 cunctata
934 2421 1048 2482 Politen
1207 2433 1257 2486 125

258 2507 412 2568 Transabit
434 2516 463 2566 et
484 2508 572 2567 iuncti
595 2507 720 2584 clipeum
741 2516 825 2567 cavat
843 2507 967 2586 inproba
987 2505 1093 2586 Mopsi.

256 2593 373 2653 Phocea
395 2601 462 2651 tuuc
485 2589 606 2667 Cydona
629 2591 886 2671 Tanagraeumque
907 2591 1074 2653 Phalantum

256 2679 355 2755 Atque
375 2675 518 2753 Erycem,
541 2676 617 2736 hunc
638 2686 718 2736 retro
740 2694 913 2739 conversum
935 2687 964 2738 et
983 2677 1042 2738 tela
1063 2687 1222 2757 petentem,

255 2760 332 2820 Dum
354 2779 423 2840 spes
446 2761 525 2821 nulla
545 2762 645 2837 necis,
668 2761 770 2821 crinito
793 2764 940 2822 avertice
963 2762 1035 2839 ligit.

256 2844 402 2905 Faucibus
425 2845 474 2905 ille
498 2847 577 2904 cavis
600 2845 710 2905 hastam
731 2862 862 2906 nonore
883 2855 1033 2925 receptam
1206 2856 1259 2911 130

257 2929 376 2989 Miratur
397 2930 539 3003 moriens,
563 2929 729 3008 pariterque
752 2939 782 2988 et
802 2948 946 2989 murmure
968 2930 1073 3008 plenus
1181 3002 1185 3009 ι
1251 2976 1254 2985 .

258 3014 382 3091 Sanguis
406 3023 435 3073 et
457 3012 572 3091 expulsi
594 3013 734 3073 salierunt
755 3015 877 3092 cuspide
897 3014 1011 3075 dentes.

257 3099 356 3158 Ausus
379 3108 442 3158 erat
462 3097 538 3158 lurto
560 3098 691 3158 dextram
712 3099 852 3159 iniectare
872 3097 1020 3160 Leonteus

258 3184 337 3243 Pone
357 3184 438 3243 viros
461 3192 548 3261 atque
571 3200 649 3242 arma
672 3182 771 3242 latens
789 3186 972 3263 positumque
997 3182 1131 3246 trahebat

256 3268 367 3328 Preuso
390 3269 468 3328 crine
493 3276 593 3346 capum
616 3267 702 3343 vidit,
724 3286 896 3346 quamquam
914 3269 1040 3347 undique
1059 3269 1183 3331 crebrae
1205 3279 1256 3334 135

257 3352 459 3431 Hippomedon
481 3362 547 3413 ante
570 3369 622 3412 ora
643 3353 755 3429 minae,
778 3371 928 3432 saevoque
949 3363 1115 3432 protervam

256 3435 384 3498 Abstulit
400 3455 470 3497 ense
485 3455 613 3506 manum;
634 3437 718 3497 simul
733 3439 881 3517 increpat:
906 3438 1004 3498 ‘llauc
1018 3439 1069 3500 tibi
1085 3439 1213 3517 Tydeus,

257 3521 374 3597 Tydeus
396 3523 462 3601 ipse
480 3523 569 3601 rapit;
592 3531 659 3600 post
681 3532 711 3581 ot
731 3523 868 3584 coniecta
888 3523 1016 3585 virorum

255 3605 328 3666 Fata
346 3610 413 3666 time
435 3625 615 3686 magnosque
637 3607 726 3668 miser
748 3606 817 3685 fuge
838 3617 959 3685 tangere
977 3611 1102 3669 manes!

255 3690 314 3750 Ter
335 3689 479 3752 Gadmaea
501 3690 628 3770 phalanx
648 3701 761 3752 torvum
784 3692 934 3754 abduxere
956 3692 1095 3768 cadaver,
1207 3702 1261 3754 aab

255 3775 314 3834 Ter
335 3777 484 3837 retrahunt
504 3775 612 3848 Dauai;
634 3777 728 3841 Siculi
746 3777 834 3841 uelut
853 3779 947 3840 anxia
960 3778 1078 3856 puqq'xs
1332 3783 1334 3786 ⁴
