3134 4434
282 437 346 504 238
618 450 650 498 Ρ.
673 449 807 499 esuum
827 449 954 501 sunum

283 607 427 683 Tandem,
448 606 581 686 inquam,
606 622 730 667 soceros
748 605 919 685 dilectaque
938 612 1077 674 moenia
1101 623 1203 694 gratus

283 693 418 773 Respicis
440 701 629 771 assertorque
648 699 748 760 tonus;
772 709 828 751 eeu
847 692 934 769 regia
955 696 1051 757 coeli

282 779 431 839 Atteutata
451 778 509 853 tui,
532 777 627 837 sieta
649 792 703 855 pro
726 774 853 837 turribus
874 777 945 837 altis

282 862 413 923 Vidimus
433 870 586 940 urgentem
606 859 716 936 nubes,
737 860 866 939 laetique
887 859 1065 940 benignum
1246 877 1254 928 i

281 946 404 1008 Fulmen
425 955 455 1006 et
476 946 590 1007 auditos
611 946 730 1024 proavis
749 945 921 1022 agnouimus
942 947 1053 1025 ignes.

282 1032 398 1111 Accipe
420 1049 497 1092 nane
516 1030 646 1111 peoudes
667 1038 698 1090 et
714 1030 811 1107 magui
830 1031 902 1091 turis
920 1049 1065 1095 acervos

282 1117 477 1194 Votivnmque
498 1134 621 1182 marem;
643 1114 745 1192 dignas
764 1113 819 1174 sed
837 1113 973 1194 pendere
1001 1128 1119 1196 grates

282 1200 366 1262 llaud
386 1201 509 1261 mortale
532 1217 607 1279 opus
629 1209 691 1269 est;
715 1207 829 1260 certent
849 1199 901 1260 tibi
923 1201 1065 1264 reddere
1087 1205 1224 1269 Bacchus

283 1285 392 1346 Noster
414 1294 444 1344 et
464 1284 603 1361 Alcides,
625 1284 683 1345 illis
703 1283 780 1344 haee
797 1285 913 1345 moenia
934 1292 1059 1350 serva.'
1246 1302 1254 1354 t

346 1369 482 1430 Dixerat:
504 1378 549 1431 ast
567 1370 610 1430 illi
629 1371 714 1446 niger
735 1369 812 1447 ignis
833 1371 863 1429 in
884 1386 936 1431 ora
957 1389 1133 1455 genusque

283 1453 433 1530 Prosiluit,
455 1463 626 1534 raptumque
646 1453 737 1515 eomis
757 1453 890 1515 diadema
911 1459 1076 1518 cremavit.

283 1539 365 1601 Tune
384 1539 464 1617 lenus
486 1548 553 1600 ante
576 1541 664 1600 iotum
681 1539 790 1617 spumis
811 1537 933 1601 delubra
956 1552 1110 1606 cruentat

284 1624 412 1700 Taurus,
435 1633 464 1684 et
483 1623 645 1685 obstantum
665 1622 769 1683 mediis
790 1641 808 1684 e
831 1621 965 1684 coetibus
988 1627 1059 1690 exit

283 1708 427 1770 Turbidus
449 1709 550 1769 insano
568 1709 680 1770 feriens
703 1708 805 1768 altaria
825 1725 924 1768 oornu.
1246 1727 1254 1779 q

281 1793 442 1870 Diffugiunt
459 1792 574 1868 famuli,
597 1803 627 1853 et
646 1810 749 1870 regem
770 1793 882 1853 solatur
901 1792 1073 1874 haruspex.

283 1877 352 1958 lpse
373 1878 526 1938 instaurari
547 1894 662 1938 saeuum
682 1877 758 1938 male
780 1877 865 1938 tortis
886 1877 998 1956 agique

282 1962 425 2042 Imperat,
450 1971 480 2022 et
500 1979 621 2040 magnos
642 1961 711 2022 lieto
733 1963 840 2040 premit
861 1979 913 2022 ore
937 1963 1081 2027 timores.

283 2047 385 2122 Qualis
407 2047 455 2107 ubi
476 2047 636 2127 iuplioitum
656 2046 821 2123 Tirynthius
843 2046 960 2107 ossibus
980 2047 1092 2124 ignem

284 2133 382 2192 Sensit
403 2141 432 2192 et
451 2131 578 2193 Oetaeas
594 2131 731 2193 membris
748 2131 896 2192 aooedere
916 2141 1037 2213 vestes,

282 2215 360 2276 Vota
382 2218 500 2294 incepta
520 2226 616 2278 tamen
637 2216 786 2294 libataque
806 2224 871 2276 tura
892 2216 1026 2292 ferebat

282 2300 379 2362 Durus
401 2301 495 2362 adhue
517 2301 692 2382 patiensque
712 2300 796 2377 mali,
819 2318 888 2363 mox
909 2301 1025 2380 grande
1049 2320 1186 2373 coaetus

282 2385 441 2463 ingemuit,
465 2387 618 2466 victorque
638 2386 708 2446 furit
727 2404 783 2466 per
803 2387 919 2447 viscera
940 2385 1076 2452 Nessus.

282 2469 403 2531 Nuntius
425 2471 548 2531 exanimi
570 2488 730 2550 suspensus
751 2480 875 2551 pectora
897 2489 984 2532 eursu

281 2554 415 2634 Aepytus
435 2553 471 2614 ad
490 2573 593 2632 regem
610 2564 714 2634 portae
735 2556 983 2617 stationereliota

283 2637 403 2715 Tendit,
430 2647 460 2698 et
479 2637 555 2700 haee
574 2639 690 2719 trepido
713 2641 764 2700 vix
787 2641 952 2702 intellectus
975 2641 1126 2710 anhelat:

346 2722 486 2802 ‘Rumpe
501 2724 568 2804 pios
589 2724 683 2786 oultus
704 2725 983 2805 intempestivoque,
1006 2741 1134 2812 rector,

281 2812 374 2872 Sacra
395 2808 495 2878 deum;
517 2809 608 2870 frater
626 2812 715 2870 muris
737 2811 845 2871 cineum
864 2810 997 2871 omnibus
1019 2814 1120 2880 instat

281 2895 489 2972 Portarumque
508 2912 605 2956 moras
625 2895 717 2956 irenis
734 2895 856 2957 assultat
876 2904 905 2956 et
927 2895 1020 2956 hastis

281 2978 404 3039 Nomine
425 2988 456 3039 te
476 2979 600 3056 erebro,
621 2989 651 3040 te
674 2979 768 3041 solum
789 2981 818 3040 in
839 2980 953 3059 proelia
976 2997 1150 3060 poscens?
1250 3004 1254 3056 ε

280 3062 366 3124 Flent
384 3065 489 3124 moesti
510 3073 590 3124 retro
611 3065 752 3141 comites,
776 3074 806 3125 et
827 3075 950 3143 uterque
973 3065 1122 3146 loquenti

281 3147 435 3226 Adgemit,
459 3157 489 3208 et
508 3149 601 3228 pulsis
623 3150 771 3210 exereitus
794 3149 938 3229 obstrepit
956 3154 1062 3214 armis.

281 3232 338 3294 Ille
358 3242 460 3294 votat:
490 3233 589 3295 ‘Nune
607 3243 721 3313 tempus
740 3244 819 3312 erat,
845 3244 926 3295 sator
947 3237 1064 3314 optime
1092 3244 1221 3312 diuumi

205 3384 208 3390 ¹
282 3316 359 3392 Quid
378 3319 483 3378 meruit
504 3316 698 3398 Capauensl'
740 3318 883 3380 Turbatus
902 3319 1047 3383 inhorruit
1072 3329 1149 3394 altis

280 3398 348 3463 Rex
369 3402 460 3479 odiis,
482 3403 634 3484 mediaque
656 3413 751 3466 tamen
768 3405 887 3483 gavisus
909 3406 938 3464 iu
958 3404 1003 3466 ira
1022 3421 1086 3471 est.

346 3487 396 3547 Sic
417 3484 467 3546 ubi
488 3498 626 3565 regnator
645 3499 713 3568 post
732 3489 828 3550 exulis
847 3490 906 3550 otia
923 3489 998 3549 tauri

281 3569 420 3649 hlugitum
440 3569 576 3632 hostilem
593 3591 701 3635 summa
722 3575 788 3635 tulit
808 3593 879 3635 aure
898 3575 1043 3638 iuvencus

281 3656 468 3735 Agnovitque
487 3656 595 3735 minas,
616 3677 720 3736 magna
741 3668 799 3721 stat
818 3659 947 3720 fervidus
969 3659 1015 3722 ira

276 3742 356 3806 Ante
375 3760 500 3827 gregem
520 3743 692 3828 spumisque
711 3745 827 3807 ammos
838 3743 1010 3805 ardenthaus
1031 3749 1150 3832 sltem„
