3134 4434
604 435 805 486 uflmsshlnos
827 437 897 486 LIB.
921 438 959 488 ΙΙ.

286 592 488 671 Dircaeusque
506 589 626 668 gradum
648 591 816 671 pariterque
837 591 999 655 Acheloius
1016 592 1106 656 heros

288 676 466 755 Corripuere
486 677 568 736 toris.
609 675 682 736 Illos
704 685 772 756 post
794 676 921 739 verbera
942 678 1040 739 fessos

286 760 508 840 Exceptamque
527 760 651 821 hiemem
671 778 761 821 cornu
780 762 952 840 perfuderat
974 764 1050 823 omni

287 847 427 906 Somnus:
451 854 480 905 at
500 844 618 906 Inachio
642 847 736 905 tenuis
757 844 812 906 suh
834 856 958 926 pectore
979 849 1045 926 regi
1236 863 1292 920 1457

288 930 395 992 Tracta
417 931 519 1011 quies,
543 930 609 990 dum
629 939 726 990 mente
747 929 821 990 deos
843 933 1019 1012 inceptaque
1040 943 1140 994 uersat

285 1015 437 1094 hospitia,
457 1023 486 1075 et
508 1032 583 1093 quae
603 1015 659 1074 sint
677 1015 796 1093 generis
819 1015 929 1077 adscita
953 1019 1079 1096 repertis

285 1099 357 1161 Fata
377 1109 485 1160 movet.
528 1100 683 1178 Postquam
704 1098 808 1160 mediis
830 1100 998 1160 insedibus
1020 1101 1104 1163 aulae

288 1183 449 1262 Congressi
470 1185 557 1264 inque
578 1186 673 1244 vicem
695 1185 814 1246 dextras
839 1184 962 1246 iunxere
985 1184 1150 1267 locumque,

289 1269 354 1343 Qaao
377 1288 479 1329 serere
503 1287 624 1330 arcanas
648 1278 744 1347 aptum
766 1278 854 1347 atqua
875 1269 1016 1331 evolvere
1039 1289 1134 1350 curas,
1236 1288 1287 1340 150

288 1353 430 1424 lnsidunt;
453 1355 534 1432 prior
555 1352 599 1413 his
621 1352 725 1414 dubios
743 1353 901 1432 compellat
918 1352 1075 1416 Adrastus:

355 1436 526 1516 ‘Egregii
517 1456 667 1515 ruveuum,
686 1454 761 1517 quos
782 1455 841 1498 non
861 1440 925 1498 sine
946 1440 1060 1499 numine
1080 1443 1179 1520 regnis

285 1523 400 1585 Invenit
423 1541 482 1583 nox
505 1523 608 1583 dextra
628 1523 719 1599 meis,
743 1521 877 1602 quibam
868 1542 934 1602 rpse
955 1542 1009 1602 per
1027 1524 1147 1605 imbres,

285 1607 462 1668 Fulminibus
484 1608 590 1667 mixtos
613 1608 875 1706 intempestumque
899 1602 1058 1670 Tonantem

286 1694 345 1753 Has
363 1710 444 1753 meus
464 1711 557 1771 usque
576 1693 679 1754 domos
697 1692 822 1769 vestigia
844 1691 915 1752 iecit
936 1692 1061 1771 Apollo;
1154 1730 1157 1735 -
1234 1711 1285 1764 155

285 1777 353 1838 Non
375 1777 509 1856 equidem
529 1777 683 1838 obscurum
700 1775 787 1837 vobis
808 1776 947 1856 plebique
965 1776 1110 1857 Pelasgae

285 1862 362 1923 Esse
384 1880 470 1939 reor,
492 1864 605 1941 quantis
629 1860 752 1922 oonnhia
771 1870 872 1922 nostra
893 1879 1050 1942 procorum

286 1947 384 2008 Turba
404 1957 504 2027 petant
525 1947 642 2008 studiis:
666 1947 799 2024 geminae
820 1946 888 2006 mihi
910 1965 1053 2027 namque,
1075 1948 1213 2028 nepotum

285 2032 374 2093 Laeta
394 2032 483 2109 fides,
505 2049 600 2111 aequo
618 2030 782 2110 pubescunt
803 2030 900 2091 sidere
922 2041 1016 2092 natae.

286 2118 416 2192 Quantus
437 2117 532 2176 honos
553 2125 736 2196 quantusque
757 2114 870 2195 pudor,
889 2133 927 2177 ne
950 2116 1060 2177 credite
1083 2120 1168 2196 patri,
1235 2130 1285 2185 160

285 2201 323 2262 Et
345 2219 435 2281 super
455 2202 609 2261 hesternas
627 2200 708 2260 licuit
731 2217 917 2276 cognoscere
937 2217 1063 2261 mensas.

285 2287 344 2347 Has
366 2286 464 2346 tumidi
484 2286 560 2346 solio
580 2293 610 2345 et
631 2284 689 2344 late
711 2283 922 2345 dominantibus
942 2285 1027 2346 armis

287 2371 434 2450 Optavere
456 2372 511 2431 viri
532 2403 575 2418 —·
592 2370 711 2448 longum
733 2386 904 2430 enumerare
924 2367 1072 2431 Pharaeos

286 2456 485 2535 Oebaliosque
508 2455 616 2532 duces,
637 2486 681 2503 --
704 2462 734 2514 et
755 2452 876 2515 Achaea
899 2472 953 2534 per
973 2453 1082 2534 oppida
1103 2465 1220 2532 matres,
1278 2482 1279 2486 ¹

285 2544 375 2620 Spem
398 2543 533 2619 generis,
556 2559 611 2601 nec
633 2540 717 2620 plura
735 2547 802 2612 tpus
820 2539 1000 2618 despexerat
1018 2538 1135 2600 Oeneus
1235 2551 1284 2607 165

283 2624 417 2687 Foedera
439 2626 610 2706 Pisaeisque
632 2643 721 2686 socer
741 2623 912 2685 metuendus
934 2623 1065 2685 habenis.

285 2711 345 2772 Sed
367 2711 434 2771 mihi
455 2730 511 2771 nec
531 2712 635 2790 Sparta
657 2711 774 2789 genitos
796 2727 852 2770 nec
873 2707 910 2769 ab
931 2707 1017 2770 Elide
1040 2710 1145 2769 missos

283 2797 356 2873 lung
337 2814 408 2856 vere
431 2796 475 2856 ias
494 2813 637 2872 generos:
659 2793 744 2855 vohis
761 2793 811 2854 hic
830 2794 949 2870 sanguis
975 2802 1004 2854 et
1026 2792 1111 2853 aulae

283 2880 349 2941 lura
370 2898 452 2939 meae
459 2879 579 2956 ‚longo
600 2879 774 2957 promittitur
794 2877 897 2938 ordino
917 2876 980 2936 lati.

283 2966 321 3025 Di
343 2964 435 3039 bene,
459 2962 536 3042 quod
557 2963 631 3023 tales
653 2964 831 3040 stirpemque
852 2961 1019 3040 animosque
1041 2961 1157 3037 venitis,
1235 2937 1285 3026 rao

283 3050 323 3110 Ut
343 3066 487 3128 responsa
508 3049 619 3107 iuvent:
639 3046 687 3107 hic
709 3044 799 3105 durae
818 3054 951 3124 tempore
973 3045 1067 3105 nootis

283 3136 386 3195 Partus
406 3133 516 3210 honos,
539 3132 614 3193 haec
634 3131 691 3192 illa
702 3130 781 3190 veuit
801 3138 870 3209 post
888 3126 1014 3190 verbera
1032 3135 1172 3191 merces'

348 3220 525 3295 Audieram,
545 3217 679 3296 lixosque
702 3214 806 3275 oculos
827 3233 882 3294 per
904 3222 1001 3275 mutua
1021 3213 1137 3294 paulum

285 3303 342 3364 Ora
364 3313 480 3380 tenent,
501 3304 615 3381 visique
637 3303 712 3362 inter
730 3317 800 3359 sese
822 3298 923 3359 ordine
946 3298 1023 3360 fandi

286 3387 412 3449 Cedere.
458 3388 518 3448 Sed
542 3386 653 3450 cunctis
674 3385 792 3462 Tydeus
810 3383 963 3445 audentior
983 3387 1056 3445 actis
1233 3393 1283 3448 175

283 3473 403 3553 Incipit:
426 3472 468 3533 (Ο
491 3491 574 3552 quam
595 3480 625 3532 te
648 3488 767 3552 parcum
788 3469 818 3540 in
838 3471 996 3548 praeconia
1016 3469 1111 3543 lamae

283 3557 366 3618 Mens
387 3559 477 3636 agitat
495 3567 605 3618 matura
623 3567 707 3633 tuae,
729 3562 923 3635 quantumque
944 3555 1087 3616 ferentem

283 3642 438 3704 Fortunam
459 3643 564 3703 virtute
586 3641 700 3704 domas!
739 3638 792 3701 Cui
812 3639 896 3700 cedat
918 3637 1059 3702 Adrastus

283 3725 438 3809 Imperiis?
460 3729 525 3807 quis
545 3737 576 3789 te
596 3726 672 3790 solio
694 3724 829 3802 Sicyonis
850 3724 945 3787 avitae

325 3832 461 3876 suerrus
483 3833 518 3875 11.
1114 3804 1143 3860 “a
