3134 4434
579 461 924 512 rnssmosvmasv.
1189 448 1247 509 107

256 620 371 681 Arduus
389 618 606 700 Hippomedon,
626 620 690 698 quoi
705 618 819 680 turbine
839 617 948 679 bellica
970 618 1111 697 quondam
1126 645 1137 676 ι
1163 656 1166 663 ,
1196 627 1248 683 560

254 706 362 766 Librati
385 705 488 766 saliunt
510 713 656 784 portarum
677 706 706 763 in
728 703 854 764 claustra
872 703 1009 763 molares.

257 790 349 851 Cassa
371 789 436 849 duci
457 792 563 866 virtus,
587 806 649 848 nam
672 788 770 849 mollia
792 788 868 849 colla
891 787 1006 848 refusus

254 875 288 936 ln
307 884 420 952 tergum
441 892 564 953 serpens
583 874 746 934 venientem
766 873 941 934 exhauserat
962 873 1059 932 ictam.

255 960 312 1019 Dat
333 960 455 1018 sonitum
475 959 579 1035 tellus,
600 975 808 1037 nemorumque
831 976 885 1037 per
904 975 973 1017 aera
992 956 1073 1016 densi

255 1043 415 1103 Dissultant
435 1061 537 1103 nexus.
580 1041 638 1103 ‘Ar
660 1059 718 1102 non
738 1060 803 1102 mea
824 1041 960 1118 vulnera,
983 1040 1162 1116 clamat,.-—
1196 1048 1247 1103 565

255 1127 294 1188 Et
313 1126 396 1188 trabe
417 1126 547 1189 fraxinea
567 1124 718 1206 Capaneus
740 1126 818 1186 subit
838 1125 957 1202 obvius,
980 1158 1022 1171 -
1041 1142 1177 1204 umquam

254 1211 404 1290 Effugies,
423 1230 475 1271 seu
497 1221 527 1272 tu
547 1211 642 1292 paridi
665 1213 745 1272 ierus
765 1211 861 1272 incola
882 1211 964 1286 luci,

256 1298 326 1357 Sive
349 1296 427 1373 deis,
452 1298 615 1376 utinamque
638 1296 701 1356 deis
724 1313 867 1357 concessa
887 1294 1035 1374 voluptas,
1138 1334 1142 1342 -

255 1381 338 1458 Non,
361 1382 386 1441 si
409 1391 574 1442 consertum
592 1399 682 1460 super
702 1380 777 1441 haec
798 1381 866 1440 mihi
879 1380 1009 1441 membra
1032 1380 1153 1458 Giganta

255 1463 453 1526 Subvehercs.
493 1464 582 1526 Volat
602 1466 684 1526 hasta
705 1474 847 1545 tremens,
871 1473 901 1526 et
923 1464 1164 1526 hiantiamonstri
1197 1473 1248 1529 570

257 1549 315 1610 Ora
339 1550 415 1610 subit
434 1550 610 1629 linguaeque
628 1558 711 1610 secat
733 1550 797 1610 fera
818 1549 915 1610 vincla
934 1549 1082 1627 trisulcae,
1103 1598 1106 1603 ⁴
1198 1596 1201 1604 ,

255 1634 370 1713 Perque
390 1633 472 1694 iubas
491 1645 599 1695 stantes
622 1635 782 1714 capitisque
804 1637 917 1712 insigne
940 1635 1055 1694 corusci
1103 1682 1117 1713 ·.
1143 1688 1146 1693 .

255 1718 385 1795 Emicat,
406 1728 435 1778 et
456 1720 530 1797 nigri
550 1719 630 1780 sanie
650 1719 769 1798 perlusa
788 1719 904 1780 cerebri
1022 1769 1023 1772 ,

255 1802 366 1881 Figitur
384 1803 441 1864 alta
463 1804 539 1864 solo.
582 1805 699 1881 Longus
719 1805 769 1864 vix
787 1813 847 1864 tota
868 1805 985 1883 peregit

254 1886 384 1948 Membra
404 1887 504 1965 dolor,
526 1890 628 1968 rapido
651 1889 732 1949 celer
751 1888 803 1949 ille
824 1889 969 1949 volumine
991 1889 1080 1950 telum
1197 1896 1249 1952 575

256 1970 366 2032 Circuit
387 1972 574 2052 avulsumque
595 1974 694 2034 ferens
712 1975 741 2033 in
762 1990 856 2053 opaca
877 1972 985 2052 refugit

256 2056 377 2136 'lempla
396 2056 457 2125 dei;
477 2057 525 2116 hic
544 2075 648 2134 magno
669 2057 802 2117 tellurem
822 2056 1087 2136 ponderemeasus

255 2140 450 2221 lnplcrantem
471 2141 591 2201 animam
612 2141 733 2201 dominis
754 2142 885 2202 assibilat
905 2144 973 2203 aris.
1057 2148 1060 2179 ³
1088 2174 1090 2179 ·

315 2226 397 2286 lllum
420 2235 449 2286 et
469 2234 611 2303 cognatae
633 2235 735 2302 stagna
753 2225 928 2304 indignantia
948 2224 1070 2304 Lernae,
1141 2266 1145 2277 ·

256 2310 392 2371 Floribus
414 2320 443 2371 et
464 2311 563 2370 vernis
582 2320 716 2371 assuetae
738 2328 880 2389 spargere
901 2308 1066 2390 Nymphae,

256 2394 294 2455 Et
312 2393 440 2456 Nemees
462 2403 592 2474 reptatus
615 2412 688 2472 ager
706 2394 847 2474 lucosque
862 2398 1046 2476 peromnes·

256 2480 414 2540 Silvieolae
437 2480 528 2540 fracta
550 2481 701 2558 gemuistis
721 2481 875 2557 arundine,
899 2479 998 2540 Fauni.

321 2565 389 2644 lpse
411 2568 497 2626 etiam
518 2583 625 2626 summa
645 2565 700 2625 iam
719 2564 779 2627 tela
800 2574 979 2646 poposcerat
997 2566 1098 2627 aethra
1228 2602 1232 2609 ·

254 2650 401 2730 luppiter,
426 2660 455 2711 et
476 2649 578 2711 dudum
598 2648 750 2729 nimbique¹
763 2650 934 2730 hiemesque
956 2651 1083 2728 coibant,

255 2734 292 2794 Ni
310 2735 403 2794 minor
419 2737 462 2794 ira
481 2734 538 2794 deo
556 2735 749 2813 gravioraque
768 2735 829 2796 tela
848 2735 956 2796 mereri

255 2820 396 2878 Servatus
419 2816 588 2896 Capaneus,
610 2821 680 2879 moti
700 2827 797 2878 tamen
818 2837 887 2880 aura
912 2819 1039 2879 cucurrit

256 2902 393 2963 Fulminis
415 2910 444 2961 et
465 2918 589 2960 summas
610 2901 709 2962 libavit
725 2904 838 2963 vertice
860 2903 973 2962 oristas.

319 2986 438 3066 lamque
462 2986 620 3064 pererratis
641 2985 744 3045 infelix
763 2985 882 3047 bomnia
902 2985 1021 3065 campis,

257 3071 346 3134 Liber
364 3081 395 3131 ut
416 3088 510 3148 angue
531 3069 631 3146 locus,
653 3069 768 3130 modico
791 3088 881 3150 super
902 3088 1014 3148 aggere
1034 3068 1146 3148 longe=

256 3156 367 3219 Pallida
390 3155 555 3234 sanguineis
573 3154 697 3215 infectas
717 3153 833 3215 roribus
852 3154 960 3216 herbas
1057 3176 1060 3183 ·

257 3242 410 3320 Prospicit.
454 3240 516 3300 lluc
536 3256 642 3317 magno
664 3257 777 3319 cursam
798 3240 874 3320 rapit
895 3238 986 3300 edera
1007 3238 1086 3300 lucto

256 3326 459 3407 adgnoscitque
479 3324 580 3402 nefas,
601 3333 758 3402 terraeque
778 3324 863 3386 inlisa
884 3324 1001 3396 nocenti

256 3410 393 3472 Fulminis
413 3413 443 3470 in
463 3428 573 3470 morem
593 3427 652 3469 non
670 3408 762 3471 rerba
780 3411 810 3470 in
828 3410 932 3471 lunare
953 3410 1057 3490 priano,

256 3495 321 3555 Non
342 3496 475 3556 lacrimas
494 3494 597 3562 habet;
621 3495 777 3572 ingeminat
797 3496 904 3557 misera
925 3495 1028 3557 oscula
1047 3501 1155 3554 tantum
1222 3500 1225 3505 '

254 3579 441 3657 Incumbens,
464 3583 632 3659 animaeque
653 3578 752 3658 fugam
771 3598 827 3661 per
843 3579 975 3641 membra
995 3587 1146 3659 tepentem
1197 3583 1248 3640 595

255 3665 376 3739 Quaerit
397 3664 496 3741 hians,
517 3682 576 3724 non
596 3681 648 3726 ora
668 3664 754 3741 loco,
777 3682 835 3725 non
856 3675 979 3745 pectora
996 3671 1117 3725 restant.

256 3748 350 3830 Rapta
372 3750 462 3828 cutis,
485 3750 582 3812 tenuia
603 3766 672 3814 ossa
689 3759 795 3834 patant
812 3767 974 3833 nexusque
990 3747 1155 3809 mansues
1203 3808 1207 3812 ,
1249 3746 1253 3753 “
