3134 4434
311 430 352 494 56
625 472 627 477 -
648 440 680 490 r.
702 440 837 492 suumn
858 436 985 492 suurn·

312 590 434 680 Aequor
454 604 484 658 et
504 590 605 660 iuhslli
620 599 765 660 recubant
784 590 836 660 uhi
858 598 949 660 litora·
963 614 1075 674 somno,

311 686 513 762 Silvarumque
532 700 631 745 comas
653 694 683 746 et
703 684 808 745 ehemc
829 683 943 745 demine
963 683 1056 744 nubes

310 768 421 830 llulcet
438 770 517 829 iners
538 777 650 839 aestas;
671 779 740 830 tunc
758 778 861 847 stagna
883 769 1023 847 lacusque
1045 769 1144 828 sonori

310 854 505 930 Detumuere,
526 863 626 916 tacent
647 854 780 914 exhausti
803 853 914 914 solibus
935 870 1044 915 amnes.

374 937 484 1000 Gaudet
504 956 595 1001 ovans
613 939 717 1016 iussis,
740 947 770 999 et
791 939 886 1000 adhuc
904 947 1022 998 temone
1043 937 1149 999 calenti
1258 946 1315 1002 260

309 1023 452 1086 Fervidus
471 1025 501 1084 iu
518 1025 633 1086 lacrum
653 1032 772 1102 torquet
791 1022 931 1085 Gradiuus
953 1022 1092 1083 habenas.
1330 1030 1337 1047 ·

310 1109 426 1188 lamque
448 1109 505 1170 iter
525 1117 685 1169 extremum
706 1108 843 1191 coelique
865 1107 986 1186 abrupta
1003 1106 1133 1180 tenebat,

311 1193 404 1269 Quum
423 1191 524 1273 Venus
545 1202 612 1254 aute
633 1194 716 1274 ipsos
732 1190 812 1254 uulla
828 1192 980 1254 formidine
1001 1208 1136 1272 gressum

310 1277 386 1356 Figit
406 1294 513 1358 equos;
537 1292 665 1339 cessere·
680 1286 761 1339 retro
782 1279 839 1339 iam
860 1279 974 1356 iamque
995 1279 1128 1355 rigentes

311 1362 488 1442 Suppliciter
508 1380 636 1443 posuere
656 1362 749 1423 iuhas.
792 1361 873 1424 Tunc
893 1372 1016 1443 pectora
1037 1377 1148 1421 summo
1257 1370 1314 1426 hdo

311 1447 462 1508 hcclinata
483 1449 551 1526 tngo
573 1447 741 1527 vultumque
760 1447 878 1528 obliqua
899 1448 1062 1509 madentem

310 1532 429 1611 Incipit,
451 1568 493 1578 -—
511 1534 778 1615 intereadominae
797 1535 923 1610 vestigia
941 1534 1020 1592 iuxta

311 1618 495 1696 Spumantem
514 1617 598 1697 proni
618 1618 754 1678 mandunt
773 1616 922 1679 adamanta
941 1617 1054 1695 iugules
1076 1638 1134 1676 -ε

374 1702 473 1762 ‘Bella
495 1703 580 1763 etiam
600 1703 630 1762 in
649 1701 783 1779 Thebas,
807 1720 896 1763 socer
913 1718 932 1761 o
949 1701 1161 1780 pulcherrime,
1183 1700 1267 1762 bella

310 1786 378 1866 lpse
396 1802 483 1866 paras
504 1788 646 1865 ierroque
663 1796 730 1849 tuos
751 1787 873 1847 abolere
895 1782 1041 1865 nepotes?
1258 1796 1314 1853 uto

310 1870 374 1932 Nec
399 1889 492 1948 genus
512 1871 702 1950 Henuloues,
724 1881 831 1933 necte
850 1871 973 1932 conubia
995 1869 1082 1930 coelo
1207 1900 1210 1905 -

310 1955 414 2032 Festa,
438 1974 494 2017 uec
515 1956 570 2016 hae
590 1958 743 2036 quicquum
764 1956 917 2035 lacrimae,
940 1954 1110 2029 furibunde,
1136 1953 1311 2016 morantur?

311 2038 443 2102 Criminis
464 2039 540 2103 haec
560 2036 696 2123 mmees‘l
717 2041 775 2103 hoc
797 2041 873 2102 ianm
893 2040 1047 2120 pudorque
1068 2039 1200 2116 relictus,

309 2126 372 2188 Hoc
391 2124 459 2185 mihi
481 2125 652 2188 Lemniacae
673 2126 710 2188 de
730 2135 761 2187 te
782 2144 917 2187 meruere
939 2120 1081 2186 catenae?

309 2211 404 2288 Perge
426 2209 539 2271 libens:
563 2219 593 2272 at
611 2228 668 2272 nou
689 2211 792 2273 eadem
809 2208 952 2272 Vulcania
970 2209 1055 2270 nobis
1256 2217 1311 2275 utu

311 2294 479 2375 Obsequia,
504 2305 533 2356 et
551 2296 625 2357 laesi
645 2298 736 2357 servit
756 2305 852 2357 tamen
873 2297 915 2357 ira
937 2295 1040 2356 mariti.

309 2379 393 2440 Illum
414 2396 472 2457 ego
493 2383 644 2460 perpetuis
663 2381 731 2441 mihi
752 2380 898 2442 desudare
920 2380 1038 2441 caminis

310 2465 341 2524 st
360 2462 492 2540 iubeam,
511 2465 678 2544 vigilesque
700 2466 784 2544 operi
803 2466 997 2525 transmittere
1024 2473 1139 2539 noctes,

311 2547 440 2609 Gaudeat
461 2559 638 2628 umatusque
658 2562 753 2610 novos
772 2549 888 2629 ipsique
910 2548 1025 2609 laboret

309 2632 397 2693 Arma
417 2630 485 2702 tibi3
508 2632 553 2695 tu!
575 2632 686 2694 -sed
707 2633 848 2712 scopulos
871 2642 901 2694 et
921 2633 1013 2694 ahena
1035 2633 1183 2712 precando
1255 2645 1310 2700 280

308 2716 445 2777 Flectere
468 2717 558 2778 corda
577 2735 664 2798 paro:
688 2717 782 2778 solum
801 2717 858 2778 hoc
879 2718 975 2781 tamen
994 2721 1094 2795 auxia,
1116 2718 1210 2778 solum

309 2800 463 2879 0htestor,
489 2802 557 2883 quid
579 2820 625 2864 me
647 2802 735 2880 'lprio
757 2804 874 2864 sociare
894 2805 998 2864 marito

308 2887 481 2965 Progeniem
502 2906 599 2949 caram
620 2888 812 2967 infaustisque
829 2887 920 2950 dabas
938 2884 1127 2965 hymenaeis?

308 2971 466 3032 Damione
488 2967 665 3051 praeclaros
680 2974 766 3034 armis
789 2983 819 3035 et
839 2975 936 3036 uivida
955 2974 1045 3036 relius

308 3056 431 3117 Pectora
449 3057 571 3137 vipereo
595 3057 700 3135 Tyrios
720 3058 757 3119 de
779 3060 920 3138 sanguine
937 3061 1038 3136 iactas,
1126 3087 1129 3093 ·
1253 3066 1308 3123 286

309 3139 530 3220 Demissumque
549 3141 627 3203 Iovis
649 3145 727 3204 serie
748 3154 856 3221 'genum
879 3143 929 3205 ah!
949 3161 1013 3204 mea
1035 3151 1143 3222 quanto
1226 3166 1229 3172 ·

309 3224 439 3286 Sithonia
458 3226 573 3287 mallem
592 3229 744 3307 nupsisset
761 3231 846 3307 uirgo
866 3228 919 3289 sub
941 3229 1033 3289 Arcto

310 3308 402 3371 Trans
423 3310 547 3372 Boream
566 3310 754 3392 Thracasque
776 3323 853 3374 tuos.
891 3313 1011 3391 Indigna
1032 3330 1170 3391 parumne

309 3394 496 3472 Pertulimus,
517 3396 601 3457 dirae
622 3397 747 3457 Veneris
770 3399 848 3480 quod
870 3398 928 3459 iilia
951 3398 1068 3476 longum

308 3479 415 3558 Reptat
437 3489 467 3540 et
485 3479 618 3557 illyricas
641 3483 747 3543 eiectat
768 3485 847 3543 sirus
867 3486 897 3543 iu
914 3479 1045 3543 herbas?
1253 3491 1309 3547 290

308 3563 391 3624 Nunc
412 3574 528 3643 gentem
550 3567 723 3628 inmeritam’
744 3568 801 3629 -l
822 3567 967 3628 Lacrimas
988 3583 1047 3627 uon
1066 3565 1185 3645 pertulit
1204 3565 1280 3627 ultra

309 3649 505 3730 Bellipotens,
528 3651 638 3712 hastam
660 3652 745 3713 laeva
764 3653 913 3713 transumit
936 3660 966 3712 et
989 3653 1059 3727 alto,

307 3733 389 3795 llaud
408 3752 505 3815 mora,
529 3736 646 3798 desiluit
666 3754 769 3814 curru,
792 3738 949 3817 clipeoque
970 3747 1119 3819 receptam
