3134 4434
593 467 793 519 THEBAIDOS
816 470 886 519 LIB.
908 470 947 518 11.

267 627 369 706 Teque
393 624 492 705 etiarn,
515 625 633 702 infelix,
654 624 826 707 perhibent,
848 625 981 703 locasta,
1003 624 1142 688 decorum

267 711 441 773 Possedisse
465 712 564 782 nelas;
585 711 682 771 vultus
704 712 760 772 hac
779 711 865 772 laude
887 709 1020 787 colebas,

266 797 332 857 Heu
352 795 476 875 quibus,
497 797 554 857 heu
576 797 719 877 placitura
739 795 826 857 toris!
850 804 918 875 post
940 795 1057 873 longior
1076 795 1164 868 ordo;

269 882 351 943 'lunc
371 880 455 942 donis
476 881 568 959 Argia
589 882 662 941 nitet
680 881 815 960 vilesque
837 881 949 941 sororis
1047 957 1050 962 Ι

269 966 393 1027 Ornatus
415 984 501 1027 sacro
524 967 674 1045 praeculta
696 965 866 1045 supervenit
885 982 968 1029 auro.

329 1050 455 1111 Viderat
469 1051 527 1112 hoo
548 1053 653 1111 coniux
676 1050 798 1131 perituri
817 1051 892 1111 vatis
914 1058 944 1110 ct
964 1066 1029 1110 aras

267 1137 345 1197 Ante
368 1153 469 1196 omnes
491 1136 652 1215 epulasque
670 1144 780 1196 trucem
801 1144 917 1195 secreta
938 1134 1085 1213 coquebat

268 1220 423 1297 Invidiam,
446 1222 542 1281 saevis
564 1221 648 1282 detur
669 1221 694 1280 si
716 1220 830 1299 quaudo
851 1219 938 1299 potiri

269 1304 418 1381 cultibus,
442 1306 500 1366 heu
522 1305 592 1366 nihil
615 1305 742 1383 auguriis
764 1304 859 1365 adiuta
884 1305 1064 1384 propinquis.

268 1390 351 1466 Quos
374 1399 455 1469 optat
476 1392 616 1468 gemitus,
640 1398 760 1469 quantas
781 1390 861 1468 cupit
879 1389 955 1468 inpia
977 1388 1092 1450 clades!

266 1474 362 1553 Digna
382 1475 514 1554 quidem,
538 1474 591 1534 sed
614 1475 682 1554 quid
700 1474 798 1534 miseri
821 1474 947 1554 decepta
967 1475 1061 1536 mariti

269 1559 373 1636 Arma,
397 1561 465 1638 quid
486 1560 616 1619 insontes
633 1559 691 1619 nati
712 1576 847 1619 meruere
868 1555 1007 1620 furores?

332 1644 489 1724 Postquam
511 1645 630 1722 regales
652 1643 754 1722 epulas
776 1652 806 1704 et
827 1643 933 1720 gaudia
953 1643 1034 1722 vulgi

268 1728 386 1789 Bisseni
409 1728 525 1789 clusere
544 1728 625 1806 dies,
645 1728 788 1788 Ismenius
807 1728 896 1788 heros

268 1813 431 1892 Respicere
453 1814 490 1874 ad
509 1812 626 1874 Thebas
647 1815 762 1903 iamque
786 1821 815 1873 et
834 1830 886 1873 sua
910 1829 1054 1891 quaerere
1075 1829 1175 1890 regna.

268 1897 384 1978 Quippe
407 1900 528 1960 animum
550 1897 626 1958 subit
646 1898 696 1958 illa
718 1897 798 1975 dies,
822 1914 893 1977 qua,
917 1906 998 1958 sorte
1017 1897 1141 1976 benigna

268 1982 396 2059 Fratris,
417 1982 559 2043 Echionia
580 1990 702 2043 steterat
723 1983 853 2062 privatus
871 1983 901 2042 in
922 1981 1000 2059 aula,

268 2068 442 2147 Respiciens
464 2068 596 2128 descisse
617 2067 691 2128 deos
711 2066 887 2146 trepidoque
907 2067 1029 2127 tumultu
1081 2138 1085 2149 Ι

267 2152 407 2231 Dilapsos
426 2153 566 2228 comites,
586 2151 691 2212 nudum
712 2150 788 2210 lanus
807 2168 893 2211 omne
913 2151 1070 2229 togamque

267 2236 424 2298 Fortunae.
464 2236 596 2315 Namque
616 2254 672 2296 una
690 2252 777 2296 soror
797 2234 962 2315 producere
983 2236 1081 2296 tristes

268 2320 371 2382 Exulis
394 2339 464 2383 ausa
485 2323 565 2397 vias,
587 2321 672 2381 etiam
692 2321 767 2381 hanc
786 2321 814 2379 in
835 2320 932 2380 limine
954 2321 1047 2400 primo

269 2405 407 2486 Liquerat
425 2416 456 2467 et
473 2422 577 2484 magna
598 2405 732 2466 lacrimas
754 2405 914 2466 incluserat
934 2405 987 2465 ira.

269 2491 350 2552 'lunc
372 2509 447 2570 quos
468 2491 617 2552 excedens
637 2490 761 2567 hilares,
785 2490 849 2570 quis
871 2489 965 2551 cultus
987 2489 1076 2570 iniqui

268 2574 445 2656 Praecipuus
466 2576 566 2653 ducis,
590 2585 621 2636 et
642 2574 769 2655 prologo
793 2593 867 2656 quos
885 2576 950 2653 ipse
972 2585 1087 2637 notarat

268 2659 449 2738 Ingemuisse
472 2661 543 2738 sibi,
564 2679 621 2741 per
641 2670 759 2721 noctem
780 2679 817 2722 ac
838 2660 904 2721 luce
927 2658 981 2720 sub
1003 2662 1080 2721 omni

267 2743 397 2823 Digerit;
419 2745 547 2807 exedere
568 2746 690 2806 animum
707 2745 794 2806 dolor
814 2746 915 2824 iraque
936 2744 1067 2822 demens,

268 2829 324 2906 Et,
347 2847 403 2908 qua
424 2847 482 2889 nou
503 2830 621 2906 gravior
639 2828 810 2890 mortalibus
831 2829 926 2890 addita
949 2847 1028 2907 cura,

270 2915 364 2992 Spes,
383 2913 432 2974 ubi
454 2912 543 2989 longa
560 2914 648 2972 venit.
692 2912 792 2973 Talem
814 2912 868 2972 sub
887 2920 1011 2992 pectore
1031 2912 1136 2975 nubem

270 2995 403 3060 Consilio
425 2998 549 3058 volvens
571 2994 679 3056 Dircen
701 2995 861 3074 Cadmique
880 3001 1003 3074 negatas

268 3083 402 3161 Apparat
421 3083 464 3143 ire
483 3081 595 3142 domos.
633 3078 731 3141 Veluti
749 3080 809 3141 dux
828 3090 945 3158 taurus,
968 3089 1061 3142 amata

268 3167 356 3227 Valle
378 3185 499 3244 carens,
521 3165 635 3246 pulsum
657 3165 744 3226 solito
765 3182 850 3245 quem
868 3167 998 3244 gramine
1016 3166 1110 3227 victor

270 3252 359 3313 lussit
380 3252 416 3313 ab
440 3259 543 3332 erepta
563 3250 653 3329 longe
673 3251 786 3328 mugire
805 3251 939 3328 iuvenca,

273 3336 366 3410 Quum
387 3338 513 3416 profugo
536 3336 677 3416 placuere
698 3336 755 3395 tori
776 3337 936 3416 cervixque
958 3344 1080 3416 recepto

271 3422 417 3499 Sanguine
435 3439 538 3500 magna
559 3421 635 3481 redit
655 3421 827 3501 fractaeque
849 3422 878 3481 iu
895 3429 1019 3501 pectore
1035 3421 1129 3482 vires:

270 3505 354 3566 Bella
374 3508 454 3586 cupit
475 3506 625 3585 saltusque
642 3514 673 3566 ct
694 3515 779 3585 capta
800 3515 928 3568 armenta
949 3506 1091 3586 reposcit,

271 3591 331 3651 lam
352 3591 444 3670 pede,
467 3591 522 3651 iarn
546 3608 635 3652 cornu
656 3590 778 3669 melior,
799 3600 888 3673 pavet
907 3592 972 3672 ipse
990 3607 1142 3652 reversum

268 3675 388 3752 Victor,
413 3684 443 3736 et
464 3676 576 3737 attoniti
595 3677 645 3736 vix
667 3693 817 3754 agnovere
838 3677 978 3755 magistri.

331 3759 397 3821 Non
418 3760 490 3822 alias
510 3761 598 3822 tacita
619 3761 731 3823 iuvenis
752 3761 948 3825 Thaumasius
964 3761 1031 3823 iras
