3134 4434
614 461 792 510 SILVARUM
813 464 845 511 L.
868 464 916 512 IV.

255 616 340 678 11111
362 618 470 695 nuruis,
492 620 660 698 pariterque
681 636 716 678 so
738 619 857 682 levabat

253 701 372 780 lugenti
394 701 483 781 plaga
504 712 677 764 marmorata
702 703 802 764 dorso.

321 785 414 848 Huius
434 788 518 848 ianua
539 806 771 867 prosperumque
793 790 881 851 limen

254 870 376 947 brous‚'
396 871 534 951 belligeri
557 874 639 933 ducis
656 876 787 952 tropaeis

255 955 293 1016 Et
313 957 386 1016 totis
402 956 539 1035 Ligurum
559 959 653 1017 nitens
673 958 810 1036 metallis,

257 1040 389 1115 Quantus
410 1042 508 1103 nubila
530 1060 588 1121 quo
611 1053 732 1103 coronat
752 1043 817 1104 lris.

255 1124 322 1187 11111
344 1126 471 1187 lleotitnr
490 1129 605 1187 excitus
625 1129 731 1203 viator,

255 1210 321 1271 lllio
346 1210 445 1291 Appia
468 1230 501 1272 se
524 1211 605 1273 dolet
626 1213 761 1291 relinqui.

257 1295 340 1356 1111
361 1296 496 1357 velocior
513 1297 669 1375 acriorque
689 1316 803 1373 cursus,

257 1380 340 1441 1111
362 1381 444 1460 ipsos
461 1382 539 1442 iuvat
558 1384 673 1460 inpetus
694 1383 820 1459 iugales.

258 1465 322 1526 Ceu
340 1465 429 1526 fessis
447 1465 497 1526 ubi
514 1468 654 1544 remigum
673 1466 794 1527 lacertis

256 1550 371 1611 Primae
395 1549 518 1611 11111111
535 1551 681 1611 ventilatis
701 1570 801 1612 aurae.

256 1634 340 1713 Ergo
362 1653 479 1710 omnes,
503 1653 577 1714 quae
601 1635 655 1695 sub
677 1654 734 1696 axe
756 1638 848 1716 primo

256 1720 382 1782 Romani
403 1721 499 1780 colitis
520 1721 608 1781 lidem
629 1723 771 1799 parentis,

257 1806 355 1866 Prono
379 1805 469 1865 limite
491 1816 651 1866 commeate
673 1817 789 1882 gentes.

256 1890 341 1951 ane
363 1890 449 1950 eitius
469 1892 567 1950 venite
590 1891 703 1959 laurum

256 1975 304 2036 Nil
329 1974 428 2034 obstat
450 1975 577 2054 cupidis,
599 1975 668 2035 nihil
689 1985 827 2036 moratur.

257 2060 315 2134 out
336 2060 429 2139 primo
451 2059 581 2120 Tiberim
602 2061 719 2139 reliquit
741 2070 818 2135 ortu,

256 2145 354 2206 Primo
376 2162 503 2223 vespere
524 2145 641 2222 navigat
662 2146 823 2205 Lucrinum.

258 2230 320 2291 Sed
342 2246 429 2307 quam
449 2229 505 2289 liue
527 2231 594 2289 viae
615 2231 744 2290 reoeutis
762 2232 835 2306 imo,

261 2314 323 2388 Quo
341 2323 483 2374 monstrnt
501 2323 621 2375 veteres
639 2315 751 2393 Apollo
773 2313 890 2391 (inmas,

259 2398 366 2461 Album
388 2398 515 2458 crinibus
536 2399 693 2480 infulisque
716 2399 821 2461 oernol

256 2483 331 2543 Visu
352 2481 498 2543 fallimur?
517 2503 553 2545 11
573 2488 665 2545 suoris
688 2486 723 2546 ab
745 2485 835 2546 antris
864 2554 867 2559 ⁴

257 2568 376 2629 Profert
397 2565 581 2629 Chalcidicas
603 2569 714 2646 Sibylla
734 2566 855 2632 laurus?

257 2649 417 2721 Cedamns;
438 2653 541 2730 chely,
564 2655 620 2715 inm
638 2673 749 2734 repone
767 2663 880 2730 cnutus,

256 2737 351 2799 Vates
372 2739 500 2798 snuotior
519 2740 637 2819 incipit,
660 2741 815 2800 tenendum
839 2749 893 2800 est.

257 2821 317 2882 Eu!
338 2831 367 2881 et
391 2822 468 2892 oolla
487 2832 565 2884 rotat
581 2827 724 2903 novisque
747 2826 805 2886 late

256 2906 421 2968 Bnoobutur
438 2910 540 2987 spatiis
558 2910 692 2989 viamque
715 2910 820 2989 replet.
934 2958 936 2966 .

257 2991 341 3053 Turro
363 2993 408 3052 sio
428 2995 561 3071 virgineo
585 2995 717 3073 prolatur-
738 3012 807 3055 ore:

323 3076 500 3155 ‘Dicebam
522 3080 622 3139 veniet
645 3112 686 3127 —
702 3088 817 3139 manete
836 3081 929 3160 compi

257 3161 357 3241 Atque
377 3164 466 3222 amuis
488 3197 531 3210 -
547 3166 647 3224 veniet
666 3164 782 3224 invente
804 3165 903 3242 coelo,
991 3202 994 3207 ·

257 3247 315 3321 Qui
332 3246 451 3307 foedum
473 3266 574 3309 nemus
596 3259 625 3310 et
646 3259 745 3328 putres
767 3267 871 3310 arenas

257 3329 355 3393 Celsis
375 3331 511 3411 pontibus
531 3343 561 3393 et
578 3335 624 3394 via
645 3334 782 3395 levabits
832 3358 842 3377 ν

257 3416 316 3477 En!
339 3415 388 3476 bio
409 3426 454 3477 est
476 3418 564 3494 deus,
587 3419 663 3480 hune
683 3419 769 3480 iubet¹
786 3418 891 3480 beatis-

256 3501 313 3562 Pro
333 3519 367 3561 se
389 3501 521 3582 luppiter
540 3503 685 3583 imperare
708 3505 809 3574 terris:
833 3534 853 3547 ··
913 3536 916 3549 ·
1001 3532 1022 3553 ι·
1073 3534 1075 3541 ·

258 3584 324 3661 Quo
343 3604 400 3646 nou
423 3588 538 3665 dignior
558 3588 610 3648 hus
633 3589 709 3650 subit
726 3589 867 3667 hebenus,

257 3670 304 3731 Ex
326 3689 384 3751 quo
404 3691 451 3732 me
474 3672 548 3733 duee
570 3677 723 3752 praescios
743 3675 854 3736 Auerni
922 3704 926 3715 ·

257 3755 839 3840 111111111111111111111111·-1
877 3792 942 3805 ...-
1025 3786 1070 3821 22
1214 3780 1220 3795 ι
1258 3790 1265 3807 r
