<?xml version="1.0" encoding="UTF-8"?>
<!DOCTYPE html PUBLIC "-//W3C//DTD XHTML 1.0 Transitional//EN"
    "http://www.w3.org/TR/xhtml1/DTD/xhtml1-transitional.dtd">
<html xmlns="http://www.w3.org/1999/xhtml" xml:lang="en" lang="en">
 <head>
  <title>
</title>
<meta http-equiv="Content-Type" content="text/html;charset=utf-8" />
  <meta name='ocr-system' content='tesseract 3.04.00' />
  <meta name='ocr-capabilities' content='ocr_page ocr_carea ocr_par ocr_line ocrx_word'/>
</head>
<body>
  <div class='ocr_page' id='page_1' title='image "./publiuspapinius00quecgoog/publiuspapinius00quecgoog_0435.png"; bbox 0 0 3134 4434; ppageno 0'>
   <div class='ocr_carea' id='block_1_1' title="bbox 455 451 1258 541">
    <p class='ocr_par' dir='ltr' id='par_1_1' title="bbox 455 451 1258 541">
     <span class='ocr_line' id='line_1_1' title="bbox 455 451 1258 541; baseline 0.004 -3"><span class='ocrx_word' id='word_1_1' title='bbox 455 489 487 538; x_wconf 81' lang='lat' dir='ltr'>P.</span> <span class='ocrx_word' id='word_1_2' title='bbox 505 486 639 537; x_wconf 76' lang='lat' dir='ltr'>ereum</span> <span class='ocrx_word' id='word_1_3' title='bbox 657 487 772 538; x_wconf 79' lang='lat' dir='ltr'>sunm</span> <span class='ocrx_word' id='word_1_4' title='bbox 795 486 1058 539; x_wconf 80' lang='lat' dir='ltr'>nune.u1n.x1.</span> <span class='ocrx_word' id='word_1_5' title='bbox 1142 451 1144 454; x_wconf 7' lang='grc' dir='ltr'><em>Α</em></span> <span class='ocrx_word' id='word_1_6' title='bbox 1195 474 1258 541; x_wconf 82' lang='grc'>233</span> 
     </span>
    </p>
   </div>
   <div class='ocr_carea' id='block_1_2' title="bbox 253 644 1257 1738">
    <p class='ocr_par' dir='ltr' id='par_1_2' title="bbox 253 644 1257 1063">
     <span class='ocr_line' id='line_1_2' title="bbox 253 644 1018 727; baseline -0.003 -20"><span class='ocrx_word' id='word_1_7' title='bbox 253 645 363 714; x_wconf 89' lang='lat' dir='ltr'>Utitur;</span> <span class='ocrx_word' id='word_1_8' title='bbox 386 644 540 707; x_wconf 87' lang='lat' dir='ltr'>indomitos</span> <span class='ocrx_word' id='word_1_9' title='bbox 561 654 593 706; x_wconf 91' lang='lat' dir='ltr'>ut</span> <span class='ocrx_word' id='word_1_10' title='bbox 615 663 701 727; x_wconf 87' lang='lat' dir='ltr'>quum</span> <span class='ocrx_word' id='word_1_11' title='bbox 721 644 851 722; x_wconf 78' lang='lat' dir='ltr'>llasspla</span> <span class='ocrx_word' id='word_1_12' title='bbox 873 663 927 725; x_wconf 92' lang='lat' dir='ltr'>per</span> <span class='ocrx_word' id='word_1_13' title='bbox 948 663 1018 706; x_wconf 90' lang='lat' dir='ltr'>arva</span> 
     </span>
     <span class='ocr_line' id='line_1_3' title="bbox 253 730 898 808; baseline -0.002 -17"><span class='ocrx_word' id='word_1_14' title='bbox 253 730 385 791; x_wconf 91' lang='lat' dir='ltr'>Armenti</span> <span class='ocrx_word' id='word_1_15' title='bbox 405 748 495 808; x_wconf 88' lang='lat' dir='ltr'>reges</span> <span class='ocrx_word' id='word_1_16' title='bbox 514 748 619 808; x_wconf 87' lang='lat' dir='ltr'>magno</span> <span class='ocrx_word' id='word_1_17' title='bbox 639 730 690 791; x_wconf 94' lang='lat' dir='ltr'>leo</span> <span class='ocrx_word' id='word_1_18' title='bbox 709 730 800 808; x_wconf 80' lang='lat' dir='ltr'>fregit</span> <span class='ocrx_word' id='word_1_19' title='bbox 819 730 898 791; x_wconf 90' lang='lat' dir='ltr'>hiatu</span> 
     </span>
     <span class='ocr_line' id='line_1_4' title="bbox 254 813 1228 891; baseline -0.004 -15"><span class='ocrx_word' id='word_1_20' title='bbox 254 814 294 876; x_wconf 92' lang='lat' dir='ltr'>Et</span> <span class='ocrx_word' id='word_1_21' title='bbox 315 823 467 875; x_wconf 83' lang='lat' dir='ltr'>contentus</span> <span class='ocrx_word' id='word_1_22' title='bbox 489 814 562 884; x_wconf 90' lang='lat' dir='ltr'>abit;</span> <span class='ocrx_word' id='word_1_23' title='bbox 585 815 667 876; x_wconf 91' lang='lat' dir='ltr'>rauci</span> <span class='ocrx_word' id='word_1_24' title='bbox 689 824 757 875; x_wconf 92' lang='lat' dir='ltr'>tuuc</span> <span class='ocrx_word' id='word_1_25' title='bbox 783 817 913 876; x_wconf 88' lang='lat' dir='ltr'>cominus</span> <span class='ocrx_word' id='word_1_26' title='bbox 934 813 1005 891; x_wconf 89' lang='lat' dir='ltr'>ursi,</span> <span class='ocrx_word' id='word_1_27' title='bbox 1113 860 1115 866; x_wconf 71' lang='lat'><em>,</em></span> <span class='ocrx_word' id='word_1_28' title='bbox 1227 827 1228 830; x_wconf 72' lang='grc'>’</span> 
     </span>
     <span class='ocr_line' id='line_1_5' title="bbox 254 898 1257 979; baseline 0.004 -19"><span class='ocrx_word' id='word_1_29' title='bbox 254 899 337 961; x_wconf 79' lang='lat' dir='ltr'>&#39;l&#39;uuc</span> <span class='ocrx_word' id='word_1_30' title='bbox 358 899 434 959; x_wconf 88' lang='lat' dir='ltr'>avidi</span> <span class='ocrx_word' id='word_1_31' title='bbox 452 917 562 961; x_wconf 87' lang='lat' dir='ltr'>venere</span> <span class='ocrx_word' id='word_1_32' title='bbox 585 900 646 979; x_wconf 90' lang='lat' dir='ltr'>lupi</span> <span class='ocrx_word' id='word_1_33' title='bbox 667 898 811 979; x_wconf 78' lang='lat' dir='ltr'>rabieque</span> <span class='ocrx_word' id='word_1_34' title='bbox 832 902 956 961; x_wconf 89' lang='lat' dir='ltr'>remissa</span> <span class='ocrx_word' id='word_1_35' title='bbox 1221 910 1257 964; x_wconf 81' lang='lat'>30</span> 
     </span>
     <span class='ocr_line' id='line_1_6' title="bbox 253 983 1018 1063; baseline -0.005 -17"><span class='ocrx_word' id='word_1_36' title='bbox 253 984 395 1046; x_wconf 87' lang='lat' dir='ltr'>Lambunt</span> <span class='ocrx_word' id='word_1_37' title='bbox 416 983 581 1063; x_wconf 81' lang='lat' dir='ltr'>degeneres</span> <span class='ocrx_word' id='word_1_38' title='bbox 603 985 717 1045; x_wconf 89' lang='lat' dir='ltr'>alienae</span> <span class='ocrx_word' id='word_1_39' title='bbox 737 985 859 1046; x_wconf 79' lang='lat' dir='ltr'>vulnera</span> <span class='ocrx_word' id='word_1_40' title='bbox 880 985 1018 1063; x_wconf 90' lang='lat' dir='ltr'>praedae.</span> 
     </span>
    </p>

    <p class='ocr_par' dir='ltr' id='par_1_3' title="bbox 254 1068 1256 1738">
     <span class='ocr_line' id='line_1_7' title="bbox 318 1068 1222 1147; baseline -0.001 -18"><span class='ocrx_word' id='word_1_41' title='bbox 318 1068 393 1129; x_wconf 82' lang='lat' dir='ltr'>ilinc</span> <span class='ocrx_word' id='word_1_42' title='bbox 411 1070 515 1147; x_wconf 79' lang='lat' dir='ltr'>premit</span> <span class='ocrx_word' id='word_1_43' title='bbox 530 1068 734 1146; x_wconf 68' lang='lat' dir='ltr'>Eurymedon,</span> <span class='ocrx_word' id='word_1_44' title='bbox 757 1070 804 1130; x_wconf 91' lang='lat' dir='ltr'>cni</span> <span class='ocrx_word' id='word_1_45' title='bbox 819 1071 945 1129; x_wconf 89' lang='lat' dir='ltr'>rusticus</span> <span class='ocrx_word' id='word_1_46' title='bbox 959 1069 1065 1129; x_wconf 91' lang='lat' dir='ltr'>horror</span> <span class='ocrx_word' id='word_1_47' title='bbox 1081 1069 1110 1129; x_wconf 93' lang='lat' dir='ltr'>in</span> <span class='ocrx_word' id='word_1_48' title='bbox 1125 1071 1222 1145; x_wconf 78' lang='lat' dir='ltr'>annis,</span> 
     </span>
     <span class='ocr_line' id='line_1_8' title="bbox 255 1153 1073 1233; baseline -0.006 -17"><span class='ocrx_word' id='word_1_49' title='bbox 255 1153 376 1216; x_wconf 86' lang='lat' dir='ltr'>Rustica</span> <span class='ocrx_word' id='word_1_50' title='bbox 397 1153 456 1215; x_wconf 89' lang='lat' dir='ltr'>tela</span> <span class='ocrx_word' id='word_1_51' title='bbox 476 1172 561 1216; x_wconf 92' lang='lat' dir='ltr'>manu</span> <span class='ocrx_word' id='word_1_52' title='bbox 581 1155 762 1233; x_wconf 91' lang='lat' dir='ltr'>patriumque</span> <span class='ocrx_word' id='word_1_53' title='bbox 783 1156 895 1232; x_wconf 87' lang='lat' dir='ltr'>agitare</span> <span class='ocrx_word' id='word_1_54' title='bbox 915 1154 1073 1214; x_wconf 88' lang='lat' dir='ltr'>tumultum.</span> 
     </span>
     <span class='ocr_line' id='line_1_9' title="bbox 254 1238 1006 1315; baseline -0.003 -15"><span class='ocrx_word' id='word_1_55' title='bbox 254 1239 315 1300; x_wconf 93' lang='lat' dir='ltr'>Pan</span> <span class='ocrx_word' id='word_1_56' title='bbox 337 1238 380 1298; x_wconf 91' lang='lat' dir='ltr'>illi</span> <span class='ocrx_word' id='word_1_57' title='bbox 399 1239 528 1315; x_wconf 63' lang='lat' dir='ltr'>genitum</span> <span class='ocrx_word' id='word_1_58' title='bbox 550 1248 634 1299; x_wconf 92' lang='lat' dir='ltr'>tener</span> <span class='ocrx_word' id='word_1_59' title='bbox 651 1238 719 1299; x_wconf 89' lang='lat' dir='ltr'>hinc</span> <span class='ocrx_word' id='word_1_60' title='bbox 741 1238 893 1300; x_wconf 88' lang='lat' dir='ltr'>conatibus</span> <span class='ocrx_word' id='word_1_61' title='bbox 914 1256 1006 1299; x_wconf 90' lang='lat' dir='ltr'>annos</span> 
     </span>
     <span class='ocr_line' id='line_1_10' title="bbox 255 1322 1255 1403; baseline 0.004 -20"><span class='ocrx_word' id='word_1_62' title='bbox 255 1322 414 1401; x_wconf 72' lang='lat' dir='ltr'>Egreditur</span> <span class='ocrx_word' id='word_1_63' title='bbox 431 1324 624 1402; x_wconf 90' lang='lat' dir='ltr'>iuvenemque</span> <span class='ocrx_word' id='word_1_64' title='bbox 647 1332 758 1403; x_wconf 90' lang='lat' dir='ltr'>patrem</span> <span class='ocrx_word' id='word_1_65' title='bbox 780 1342 856 1403; x_wconf 92' lang='lat' dir='ltr'>puer</span> <span class='ocrx_word' id='word_1_66' title='bbox 874 1333 981 1402; x_wconf 88' lang='lat' dir='ltr'>aequat</span> <span class='ocrx_word' id='word_1_67' title='bbox 999 1323 1147 1384; x_wconf 89' lang='lat' dir='ltr'>Alatreus.</span> <span class='ocrx_word' id='word_1_68' title='bbox 1220 1332 1255 1387; x_wconf 81' lang='lat'>35</span> 
     </span>
     <span class='ocr_line' id='line_1_11' title="bbox 255 1407 848 1485; baseline -0.002 -16"><span class='ocrx_word' id='word_1_69' title='bbox 255 1407 374 1469; x_wconf 84' lang='lat' dir='ltr'>Felices</span> <span class='ocrx_word' id='word_1_70' title='bbox 394 1407 495 1485; x_wconf 75' lang='lat' dir='ltr'>ambo,</span> <span class='ocrx_word' id='word_1_71' title='bbox 518 1408 571 1469; x_wconf 90' lang='lat' dir='ltr'>sed</span> <span class='ocrx_word' id='word_1_72' title='bbox 591 1408 764 1468; x_wconf 76' lang='lat' dir='ltr'>fortunatior</span> <span class='ocrx_word' id='word_1_73' title='bbox 785 1408 848 1484; x_wconf 77' lang='lat' dir='ltr'>ille,</span> 
     </span>
     <span class='ocr_line' id='line_1_12' title="bbox 256 1491 1256 1572; baseline 0.001 -21"><span class='ocrx_word' id='word_1_74' title='bbox 256 1491 351 1566; x_wconf 80' lang='lat' dir='ltr'>Quem</span> <span class='ocrx_word' id='word_1_75' title='bbox 373 1493 511 1570; x_wconf 84' lang='lat' dir='ltr'>genuisse</span> <span class='ocrx_word' id='word_1_76' title='bbox 531 1495 624 1561; x_wconf 89' lang='lat' dir='ltr'>iuvat;</span> <span class='ocrx_word' id='word_1_77' title='bbox 648 1511 705 1552; x_wconf 87' lang='lat' dir='ltr'>nce</span> <span class='ocrx_word' id='word_1_78' title='bbox 723 1493 779 1552; x_wconf 93' lang='lat' dir='ltr'>iam</span> <span class='ocrx_word' id='word_1_79' title='bbox 801 1493 977 1569; x_wconf 77' lang='lat' dir='ltr'>dignoscere</span> <span class='ocrx_word' id='word_1_80' title='bbox 1000 1501 1175 1572; x_wconf 85' lang='lat' dir='ltr'>promptum,</span> <span class='ocrx_word' id='word_1_81' title='bbox 1254 1529 1256 1532; x_wconf 94' lang='lat'>-</span> 
     </span>
     <span class='ocr_line' id='line_1_13' title="bbox 257 1575 1177 1656; baseline -0.001 -20"><span class='ocrx_word' id='word_1_82' title='bbox 257 1575 341 1650; x_wconf 80' lang='lat' dir='ltr'>Quae</span> <span class='ocrx_word' id='word_1_83' title='bbox 361 1579 453 1654; x_wconf 86' lang='lat' dir='ltr'>magis</span> <span class='ocrx_word' id='word_1_84' title='bbox 473 1595 550 1638; x_wconf 90' lang='lat' dir='ltr'>arma</span> <span class='ocrx_word' id='word_1_85' title='bbox 569 1586 689 1654; x_wconf 85' lang='lat' dir='ltr'>sonent,</span> <span class='ocrx_word' id='word_1_86' title='bbox 712 1595 770 1656; x_wconf 92' lang='lat' dir='ltr'>quo</span> <span class='ocrx_word' id='word_1_87' title='bbox 792 1576 858 1656; x_wconf 91' lang='lat' dir='ltr'>plus</span> <span class='ocrx_word' id='word_1_88' title='bbox 882 1586 930 1638; x_wconf 91' lang='lat' dir='ltr'>eat</span> <span class='ocrx_word' id='word_1_89' title='bbox 954 1577 1037 1639; x_wconf 86' lang='lat' dir='ltr'>hasta</span> <span class='ocrx_word' id='word_1_90' title='bbox 1055 1577 1177 1638; x_wconf 85' lang='lat' dir='ltr'>lacerto.</span> 
     </span>
     <span class='ocr_line' id='line_1_14' title="bbox 256 1660 978 1738; baseline 0 -17"><span class='ocrx_word' id='word_1_91' title='bbox 256 1660 394 1722; x_wconf 89' lang='lat' dir='ltr'>Arctatur</span> <span class='ocrx_word' id='word_1_92' title='bbox 415 1661 507 1722; x_wconf 90' lang='lat' dir='ltr'>denso</span> <span class='ocrx_word' id='word_1_93' title='bbox 528 1662 687 1738; x_wconf 86' lang='lat' dir='ltr'>fugientum</span> <span class='ocrx_word' id='word_1_94' title='bbox 708 1663 840 1723; x_wconf 88' lang='lat' dir='ltr'>examine</span> <span class='ocrx_word' id='word_1_95' title='bbox 861 1662 978 1722; x_wconf 87' lang='lat' dir='ltr'>vallum.</span> 
     </span>
    </p>
   </div>
   <div class='ocr_carea' id='block_1_3' title="bbox 322 1744 1349 1825">
    <p class='ocr_par' dir='ltr' id='par_1_4' title="bbox 322 1744 1349 1825">
     <span class='ocr_line' id='line_1_15' title="bbox 322 1744 1349 1825; baseline 0.005 -19"><span class='ocrx_word' id='word_1_96' title='bbox 322 1744 399 1820; x_wconf 84' lang='lat' dir='ltr'>Quas</span> <span class='ocrx_word' id='word_1_97' title='bbox 416 1747 528 1825; x_wconf 83' lang='lat' dir='ltr'>volvis,</span> <span class='ocrx_word' id='word_1_98' title='bbox 552 1746 693 1823; x_wconf 84' lang='lat' dir='ltr'>Gradive,</span> <span class='ocrx_word' id='word_1_99' title='bbox 715 1744 821 1807; x_wconf 79' lang='lat' dir='ltr'>vices?</span> <span class='ocrx_word' id='word_1_100' title='bbox 844 1747 931 1808; x_wconf 92' lang='lat' dir='ltr'>modo</span> <span class='ocrx_word' id='word_1_101' title='bbox 948 1750 1062 1808; x_wconf 88' lang='lat' dir='ltr'>moenia</span> <span class='ocrx_word' id='word_1_102' title='bbox 1078 1744 1178 1806; x_wconf 80' lang='lat' dir='ltr'>Cadmi</span> <span class='ocrx_word' id='word_1_103' title='bbox 1220 1756 1256 1810; x_wconf 77' lang='lat'>40</span> <span class='ocrx_word' id='word_1_104' title='bbox 1344 1750 1349 1771; x_wconf 76' lang='lat'>⁸</span> 
     </span>
    </p>
   </div>
   <div class='ocr_carea' id='block_1_4' title="bbox 250 1829 1256 3859">
    <p class='ocr_par' dir='ltr' id='par_1_5' title="bbox 254 1829 1087 2162">
     <span class='ocr_line' id='line_1_16' title="bbox 255 1829 1058 1910; baseline -0.004 -17"><span class='ocrx_word' id='word_1_105' title='bbox 255 1829 458 1908; x_wconf 80' lang='lat' dir='ltr'>Scandeham,</span> <span class='ocrx_word' id='word_1_106' title='bbox 481 1849 534 1892; x_wconf 88' lang='lat' dir='ltr'>sua</span> <span class='ocrx_word' id='word_1_107' title='bbox 553 1849 628 1892; x_wconf 93' lang='lat' dir='ltr'>nunc</span> <span class='ocrx_word' id='word_1_108' title='bbox 650 1832 809 1892; x_wconf 87' lang='lat' dir='ltr'>deicudont</span> <span class='ocrx_word' id='word_1_109' title='bbox 830 1841 909 1893; x_wconf 87' lang='lat' dir='ltr'>tectu</span> <span class='ocrx_word' id='word_1_110' title='bbox 931 1832 1058 1910; x_wconf 79' lang='lat' dir='ltr'>Pelasgi.</span> 
     </span>
     <span class='ocr_line' id='line_1_17' title="bbox 256 1914 1072 1993; baseline -0.002 -16"><span class='ocrx_word' id='word_1_111' title='bbox 256 1914 321 1977; x_wconf 80' lang='lat' dir='ltr'>Ceu</span> <span class='ocrx_word' id='word_1_112' title='bbox 340 1915 463 1977; x_wconf 89' lang='lat' dir='ltr'>redeunt</span> <span class='ocrx_word' id='word_1_113' title='bbox 481 1915 590 1993; x_wconf 85' lang='lat' dir='ltr'>nubes,</span> <span class='ocrx_word' id='word_1_114' title='bbox 613 1934 668 1976; x_wconf 86' lang='lat' dir='ltr'>ceu</span> <span class='ocrx_word' id='word_1_115' title='bbox 688 1917 936 1978; x_wconf 83' lang='lat' dir='ltr'>circumflantibus</span> <span class='ocrx_word' id='word_1_116' title='bbox 955 1916 1072 1978; x_wconf 86' lang='lat' dir='ltr'>Austris</span> 
     </span>
     <span class='ocr_line' id='line_1_18' title="bbox 255 2000 998 2079; baseline 0 -18"><span class='ocrx_word' id='word_1_117' title='bbox 255 2001 394 2061; x_wconf 78' lang='lat' dir='ltr'>Alternus</span> <span class='ocrx_word' id='word_1_118' title='bbox 414 2000 577 2079; x_wconf 90' lang='lat' dir='ltr'>procumbit</span> <span class='ocrx_word' id='word_1_119' title='bbox 599 2018 687 2077; x_wconf 76' lang='lat' dir='ltr'>ager,</span> <span class='ocrx_word' id='word_1_120' title='bbox 710 2020 766 2061; x_wconf 88' lang='lat' dir='ltr'>oen</span> <span class='ocrx_word' id='word_1_121' title='bbox 788 2003 903 2078; x_wconf 90' lang='lat' dir='ltr'>gurgite</span> <span class='ocrx_word' id='word_1_122' title='bbox 925 2019 998 2061; x_wconf 90' lang='lat' dir='ltr'>cano</span> 
     </span>
     <span class='ocr_line' id='line_1_19' title="bbox 254 2084 1087 2162; baseline -0.002 -16"><span class='ocrx_word' id='word_1_123' title='bbox 254 2084 339 2146; x_wconf 88' lang='lat' dir='ltr'>Nunc</span> <span class='ocrx_word' id='word_1_124' title='bbox 360 2086 468 2162; x_wconf 87' lang='lat' dir='ltr'>retegit</span> <span class='ocrx_word' id='word_1_125' title='bbox 488 2084 618 2160; x_wconf 80' lang='lat' dir='ltr'>bibulus,</span> <span class='ocrx_word' id='word_1_126' title='bbox 642 2103 718 2145; x_wconf 90' lang='lat' dir='ltr'>nunc</span> <span class='ocrx_word' id='word_1_127' title='bbox 738 2085 835 2145; x_wconf 92' lang='lat' dir='ltr'>obruit</span> <span class='ocrx_word' id='word_1_128' title='bbox 856 2095 955 2147; x_wconf 89' lang='lat' dir='ltr'>aestus</span> <span class='ocrx_word' id='word_1_129' title='bbox 974 2104 1087 2147; x_wconf 87' lang='lat' dir='ltr'>arenas.</span> 
     </span>
    </p>

    <p class='ocr_par' dir='ltr' id='par_1_6' title="bbox 254 2169 1256 3181">
     <span class='ocr_line' id='line_1_20' title="bbox 318 2169 1254 2249; baseline 0.006 -20"><span class='ocrx_word' id='word_1_130' title='bbox 318 2169 484 2230; x_wconf 87' lang='lat' dir='ltr'>Procumbit</span> <span class='ocrx_word' id='word_1_131' title='bbox 505 2170 563 2230; x_wconf 87' lang='lat' dir='ltr'>lute</span> <span class='ocrx_word' id='word_1_132' title='bbox 585 2169 680 2249; x_wconf 89' lang='lat' dir='ltr'>pubes</span> <span class='ocrx_word' id='word_1_133' title='bbox 700 2169 848 2245; x_wconf 72' lang='lat' dir='ltr'>Tirynthia</span> <span class='ocrx_word' id='word_1_134' title='bbox 873 2171 979 2231; x_wconf 87' lang='lat' dir='ltr'>alumni</span> <span class='ocrx_word' id='word_1_135' title='bbox 1220 2182 1254 2235; x_wconf 75' lang='lat' dir='ltr'>lo</span> 
     </span>
     <span class='ocr_line' id='line_1_21' title="bbox 254 2253 983 2322; baseline -0.001 -7"><span class='ocrx_word' id='word_1_136' title='bbox 254 2253 384 2315; x_wconf 83' lang='lat' dir='ltr'>Exuvias</span> <span class='ocrx_word' id='word_1_137' title='bbox 404 2255 512 2315; x_wconf 89' lang='lat' dir='ltr'>imitata</span> <span class='ocrx_word' id='word_1_138' title='bbox 533 2254 596 2322; x_wconf 86' lang='lat' dir='ltr'>dei;</span> <span class='ocrx_word' id='word_1_139' title='bbox 619 2263 685 2314; x_wconf 88' lang='lat' dir='ltr'>trux</span> <span class='ocrx_word' id='word_1_140' title='bbox 705 2264 818 2315; x_wconf 89' lang='lat' dir='ltr'>moeret</span> <span class='ocrx_word' id='word_1_141' title='bbox 839 2254 875 2316; x_wconf 91' lang='lat' dir='ltr'>ab</span> <span class='ocrx_word' id='word_1_142' title='bbox 899 2257 983 2316; x_wconf 88' lang='lat' dir='ltr'>astris</span> 
     </span>
     <span class='ocr_line' id='line_1_22' title="bbox 255 2338 1025 2419; baseline -0.003 -18"><span class='ocrx_word' id='word_1_143' title='bbox 255 2338 528 2419; x_wconf 80' lang='lat' dir='ltr'>Amphitryoniades</span> <span class='ocrx_word' id='word_1_144' title='bbox 548 2339 698 2400; x_wconf 90' lang='lat' dir='ltr'>Nemeaea</span> <span class='ocrx_word' id='word_1_145' title='bbox 719 2340 748 2398; x_wconf 93' lang='lat' dir='ltr'>in</span> <span class='ocrx_word' id='word_1_146' title='bbox 770 2341 910 2418; x_wconf 87' lang='lat' dir='ltr'>sanguine</span> <span class='ocrx_word' id='word_1_147' title='bbox 932 2349 1025 2418; x_wconf 69' lang='lat' dir='ltr'>terga</span> 
     </span>
     <span class='ocr_line' id='line_1_23' title="bbox 254 2423 1036 2504; baseline 0 -19"><span class='ocrx_word' id='word_1_148' title='bbox 254 2423 294 2485; x_wconf 92' lang='lat' dir='ltr'>Et</span> <span class='ocrx_word' id='word_1_149' title='bbox 316 2423 425 2484; x_wconf 87' lang='lat' dir='ltr'>similes</span> <span class='ocrx_word' id='word_1_150' title='bbox 446 2441 543 2484; x_wconf 91' lang='lat' dir='ltr'>ramos</span> <span class='ocrx_word' id='word_1_151' title='bbox 562 2424 731 2503; x_wconf 89' lang='lat' dir='ltr'>similesque</span> <span class='ocrx_word' id='word_1_152' title='bbox 749 2425 852 2485; x_wconf 83' lang='lat' dir='ltr'>videre</span> <span class='ocrx_word' id='word_1_153' title='bbox 874 2424 1036 2504; x_wconf 85' lang='lat' dir='ltr'>pharetras.</span> 
     </span>
     <span class='ocr_line' id='line_1_24' title="bbox 255 2508 974 2588; baseline 0.001 -19"><span class='ocrx_word' id='word_1_154' title='bbox 255 2509 357 2569; x_wconf 85' lang='lat' dir='ltr'>Stabat</span> <span class='ocrx_word' id='word_1_155' title='bbox 377 2510 406 2568; x_wconf 93' lang='lat' dir='ltr'>in</span> <span class='ocrx_word' id='word_1_156' title='bbox 423 2508 583 2587; x_wconf 78' lang='lat' dir='ltr'>Argolicae</span> <span class='ocrx_word' id='word_1_157' title='bbox 602 2510 712 2570; x_wconf 83' lang='lat' dir='ltr'>ferrato</span> <span class='ocrx_word' id='word_1_158' title='bbox 734 2512 864 2588; x_wconf 90' lang='lat' dir='ltr'>margine</span> <span class='ocrx_word' id='word_1_159' title='bbox 887 2511 974 2570; x_wconf 90' lang='lat' dir='ltr'>turris</span> 
     </span>
     <span class='ocr_line' id='line_1_25' title="bbox 254 2592 1256 2675; baseline 0.005 -21"><span class='ocrx_word' id='word_1_160' title='bbox 254 2592 403 2670; x_wconf 88' lang='lat' dir='ltr'>Egregius</span> <span class='ocrx_word' id='word_1_161' title='bbox 422 2593 493 2654; x_wconf 92' lang='lat' dir='ltr'>lituo</span> <span class='ocrx_word' id='word_1_162' title='bbox 513 2595 608 2655; x_wconf 85' lang='lat' dir='ltr'>dextri</span> <span class='ocrx_word' id='word_1_163' title='bbox 627 2593 768 2655; x_wconf 86' lang='lat' dir='ltr'>Mavortis</span> <span class='ocrx_word' id='word_1_164' title='bbox 789 2594 919 2675; x_wconf 80' lang='lat' dir='ltr'>Enipeus</span> <span class='ocrx_word' id='word_1_165' title='bbox 1221 2605 1256 2660; x_wconf 82' lang='lat'>50</span> 
     </span>
     <span class='ocr_line' id='line_1_26' title="bbox 255 2678 1052 2758; baseline 0.003 -19"><span class='ocrx_word' id='word_1_166' title='bbox 255 2678 410 2747; x_wconf 87' lang='lat' dir='ltr'>Hortator;</span> <span class='ocrx_word' id='word_1_167' title='bbox 434 2679 486 2739; x_wconf 91' lang='lat' dir='ltr'>sed</span> <span class='ocrx_word' id='word_1_168' title='bbox 508 2687 576 2739; x_wconf 88' lang='lat' dir='ltr'>tnnc</span> <span class='ocrx_word' id='word_1_169' title='bbox 597 2681 712 2739; x_wconf 89' lang='lat' dir='ltr'>miseris</span> <span class='ocrx_word' id='word_1_170' title='bbox 734 2679 822 2741; x_wconf 88' lang='lat' dir='ltr'>dabat</span> <span class='ocrx_word' id='word_1_171' title='bbox 843 2680 915 2740; x_wconf 87' lang='lat' dir='ltr'>utile</span> <span class='ocrx_word' id='word_1_172' title='bbox 939 2681 1052 2758; x_wconf 85' lang='lat' dir='ltr'>signum</span> 
     </span>
     <span class='ocr_line' id='line_1_27' title="bbox 256 2761 1050 2843; baseline 0.003 -19"><span class='ocrx_word' id='word_1_173' title='bbox 256 2761 461 2841; x_wconf 86' lang='lat' dir='ltr'>Suadebatque</span> <span class='ocrx_word' id='word_1_174' title='bbox 479 2763 577 2840; x_wconf 85' lang='lat' dir='ltr'>lugam</span> <span class='ocrx_word' id='word_1_175' title='bbox 596 2773 625 2824; x_wconf 88' lang='lat' dir='ltr'>et</span> <span class='ocrx_word' id='word_1_176' title='bbox 643 2772 720 2823; x_wconf 89' lang='lat' dir='ltr'>tutes</span> <span class='ocrx_word' id='word_1_177' title='bbox 740 2765 770 2823; x_wconf 92' lang='lat' dir='ltr'>in</span> <span class='ocrx_word' id='word_1_178' title='bbox 788 2774 884 2825; x_wconf 84' lang='lat' dir='ltr'>castra</span> <span class='ocrx_word' id='word_1_179' title='bbox 900 2775 1050 2843; x_wconf 86' lang='lat' dir='ltr'>receptus,</span> 
     </span>
     <span class='ocr_line' id='line_1_28' title="bbox 256 2845 1085 2924; baseline 0.005 -19"><span class='ocrx_word' id='word_1_180' title='bbox 256 2845 351 2920; x_wconf 79' lang='lat' dir='ltr'>Quum</span> <span class='ocrx_word' id='word_1_181' title='bbox 372 2846 495 2906; x_wconf 92' lang='lat' dir='ltr'>subitum</span> <span class='ocrx_word' id='word_1_182' title='bbox 517 2845 636 2924; x_wconf 94' lang='lat' dir='ltr'>obliquo</span> <span class='ocrx_word' id='word_1_183' title='bbox 657 2847 809 2908; x_wconf 89' lang='lat' dir='ltr'>descendit</span> <span class='ocrx_word' id='word_1_184' title='bbox 829 2847 867 2908; x_wconf 91' lang='lat' dir='ltr'>ab</span> <span class='ocrx_word' id='word_1_185' title='bbox 890 2865 960 2908; x_wconf 90' lang='lat' dir='ltr'>aere</span> <span class='ocrx_word' id='word_1_186' title='bbox 981 2850 1085 2909; x_wconf 88' lang='lat' dir='ltr'>vulnus</span> 
     </span>
     <span class='ocr_line' id='line_1_29' title="bbox 254 2929 1101 3009; baseline 0.002 -18"><span class='ocrx_word' id='word_1_187' title='bbox 254 2929 451 3008; x_wconf 87' lang='lat' dir='ltr'>Urgentisqne</span> <span class='ocrx_word' id='word_1_188' title='bbox 473 2947 574 2990; x_wconf 91' lang='lat' dir='ltr'>sonum</span> <span class='ocrx_word' id='word_1_189' title='bbox 593 2930 677 2993; x_wconf 82' lang='lat' dir='ltr'>laeva</span> <span class='ocrx_word' id='word_1_190' title='bbox 699 2949 798 2991; x_wconf 90' lang='lat' dir='ltr'>manus</span> <span class='ocrx_word' id='word_1_191' title='bbox 818 2950 888 2992; x_wconf 90' lang='lat' dir='ltr'>aure</span> <span class='ocrx_word' id='word_1_192' title='bbox 909 2941 1022 2994; x_wconf 84' lang='lat' dir='ltr'>retenta</span> <span class='ocrx_word' id='word_1_193' title='bbox 1045 2943 1101 3009; x_wconf 81' lang='lat' dir='ltr'>est,</span> 
     </span>
     <span class='ocr_line' id='line_1_30' title="bbox 257 3014 1254 3096; baseline 0.007 -19"><span class='ocrx_word' id='word_1_194' title='bbox 257 3016 340 3077; x_wconf 90' lang='lat' dir='ltr'>Sicut</span> <span class='ocrx_word' id='word_1_195' title='bbox 360 3023 437 3084; x_wconf 89' lang='lat' dir='ltr'>erat;</span> <span class='ocrx_word' id='word_1_196' title='bbox 459 3014 534 3092; x_wconf 90' lang='lat' dir='ltr'>lugit</span> <span class='ocrx_word' id='word_1_197' title='bbox 553 3016 582 3074; x_wconf 92' lang='lat' dir='ltr'>in</span> <span class='ocrx_word' id='word_1_198' title='bbox 600 3032 710 3076; x_wconf 82' lang='lat' dir='ltr'>vacuas</span> <span class='ocrx_word' id='word_1_199' title='bbox 730 3017 786 3076; x_wconf 91' lang='lat' dir='ltr'>iam</span> <span class='ocrx_word' id='word_1_200' title='bbox 807 3018 926 3096; x_wconf 87' lang='lat' dir='ltr'>spiritus</span> <span class='ocrx_word' id='word_1_201' title='bbox 947 3035 1042 3095; x_wconf 82' lang='lat' dir='ltr'>auras,</span> <span class='ocrx_word' id='word_1_202' title='bbox 1220 3029 1254 3084; x_wconf 82' lang='lat'>55</span> 
     </span>
     <span class='ocr_line' id='line_1_31' title="bbox 255 3099 1105 3181; baseline 0.001 -21"><span class='ocrx_word' id='word_1_203' title='bbox 255 3099 315 3160; x_wconf 92' lang='lat' dir='ltr'>lam</span> <span class='ocrx_word' id='word_1_204' title='bbox 336 3099 434 3176; x_wconf 87' lang='lat' dir='ltr'>gelida</span> <span class='ocrx_word' id='word_1_205' title='bbox 456 3116 507 3159; x_wconf 92' lang='lat' dir='ltr'>ora</span> <span class='ocrx_word' id='word_1_206' title='bbox 528 3108 644 3175; x_wconf 85' lang='lat' dir='ltr'>tacent,</span> <span class='ocrx_word' id='word_1_207' title='bbox 667 3118 783 3160; x_wconf 92' lang='lat' dir='ltr'>carmen</span> <span class='ocrx_word' id='word_1_208' title='bbox 804 3101 872 3162; x_wconf 91' lang='lat' dir='ltr'>tuba</span> <span class='ocrx_word' id='word_1_209' title='bbox 894 3101 957 3162; x_wconf 85' lang='lat' dir='ltr'>sola</span> <span class='ocrx_word' id='word_1_210' title='bbox 980 3104 1105 3181; x_wconf 85' lang='lat' dir='ltr'>peregit.</span> 
     </span>
    </p>

    <p class='ocr_par' dir='ltr' id='par_1_7' title="bbox 250 3183 1255 3859">
     <span class='ocr_line' id='line_1_32' title="bbox 320 3183 1212 3267; baseline 0.007 -24"><span class='ocrx_word' id='word_1_211' title='bbox 320 3183 437 3262; x_wconf 90' lang='lat' dir='ltr'>lamque</span> <span class='ocrx_word' id='word_1_212' title='bbox 459 3192 565 3263; x_wconf 89' lang='lat' dir='ltr'>potens</span> <span class='ocrx_word' id='word_1_213' title='bbox 586 3184 733 3245; x_wconf 89' lang='lat' dir='ltr'>scelernm</span> <span class='ocrx_word' id='word_1_214' title='bbox 753 3187 947 3265; x_wconf 87' lang='lat' dir='ltr'>geminaeque</span> <span class='ocrx_word' id='word_1_215' title='bbox 968 3190 1097 3249; x_wconf 83' lang='lat' dir='ltr'>exercita</span> <span class='ocrx_word' id='word_1_216' title='bbox 1116 3190 1212 3267; x_wconf 91' lang='lat' dir='ltr'>gentis</span> 
     </span>
     <span class='ocr_line' id='line_1_33' title="bbox 256 3268 1012 3349; baseline 0.003 -20"><span class='ocrx_word' id='word_1_217' title='bbox 256 3269 403 3346; x_wconf 90' lang='lat' dir='ltr'>Sanguine</span> <span class='ocrx_word' id='word_1_218' title='bbox 423 3268 582 3348; x_wconf 81' lang='lat' dir='ltr'>Tisiphone</span> <span class='ocrx_word' id='word_1_219' title='bbox 603 3268 731 3330; x_wconf 76' lang='lat' dir='ltr'>fraterna</span> <span class='ocrx_word' id='word_1_220' title='bbox 756 3271 876 3331; x_wconf 89' lang='lat' dir='ltr'>cludere</span> <span class='ocrx_word' id='word_1_221' title='bbox 898 3273 1012 3349; x_wconf 86' lang='lat' dir='ltr'>quaerit</span> 
     </span>
     <span class='ocr_line' id='line_1_34' title="bbox 254 3353 1002 3422; baseline 0.004 -9"><span class='ocrx_word' id='word_1_222' title='bbox 254 3353 338 3414; x_wconf 90' lang='lat' dir='ltr'>Bella</span> <span class='ocrx_word' id='word_1_223' title='bbox 359 3353 441 3422; x_wconf 91' lang='lat' dir='ltr'>tuba;</span> <span class='ocrx_word' id='word_1_224' title='bbox 463 3371 519 3414; x_wconf 89' lang='lat' dir='ltr'>nec</span> <span class='ocrx_word' id='word_1_225' title='bbox 539 3372 573 3414; x_wconf 88' lang='lat' dir='ltr'>se</span> <span class='ocrx_word' id='word_1_226' title='bbox 595 3362 673 3415; x_wconf 90' lang='lat' dir='ltr'>tanta</span> <span class='ocrx_word' id='word_1_227' title='bbox 694 3356 723 3414; x_wconf 93' lang='lat' dir='ltr'>in</span> <span class='ocrx_word' id='word_1_228' title='bbox 744 3357 901 3416; x_wconf 90' lang='lat' dir='ltr'>certamina</span> <span class='ocrx_word' id='word_1_229' title='bbox 922 3365 1002 3416; x_wconf 89' lang='lat' dir='ltr'>retur</span> 
     </span>
     <span class='ocr_line' id='line_1_35' title="bbox 256 3438 1255 3517; baseline 0.007 -18"><span class='ocrx_word' id='word_1_230' title='bbox 256 3438 417 3515; x_wconf 89' lang='lat' dir='ltr'>Sullicere,</span> <span class='ocrx_word' id='word_1_231' title='bbox 439 3439 551 3500; x_wconf 87' lang='lat' dir='ltr'>inierua</span> <span class='ocrx_word' id='word_1_232' title='bbox 570 3441 705 3499; x_wconf 87' lang='lat' dir='ltr'>comitem</span> <span class='ocrx_word' id='word_1_233' title='bbox 726 3441 755 3500; x_wconf 92' lang='lat' dir='ltr'>ni</span> <span class='ocrx_word' id='word_1_234' title='bbox 774 3439 847 3500; x_wconf 90' lang='lat' dir='ltr'>sede</span> <span class='ocrx_word' id='word_1_235' title='bbox 868 3439 1037 3517; x_wconf 80' lang='lat' dir='ltr'>Megaeram</span> <span class='ocrx_word' id='word_1_236' title='bbox 1219 3451 1255 3506; x_wconf 81' lang='lat' dir='ltr'>tio</span> 
     </span>
     <span class='ocr_line' id='line_1_36' title="bbox 255 3522 1019 3603; baseline 0.003 -19"><span class='ocrx_word' id='word_1_237' title='bbox 255 3522 293 3584; x_wconf 92' lang='lat' dir='ltr'>Et</span> <span class='ocrx_word' id='word_1_238' title='bbox 315 3525 547 3601; x_wconf 89' lang='lat' dir='ltr'>consanguineos</span> <span class='ocrx_word' id='word_1_239' title='bbox 569 3525 598 3584; x_wconf 92' lang='lat' dir='ltr'>in</span> <span class='ocrx_word' id='word_1_240' title='bbox 620 3524 735 3603; x_wconf 89' lang='lat' dir='ltr'>proelia</span> <span class='ocrx_word' id='word_1_241' title='bbox 755 3525 879 3585; x_wconf 89' lang='lat' dir='ltr'>suscitet</span> <span class='ocrx_word' id='word_1_242' title='bbox 899 3542 1019 3602; x_wconf 85' lang='lat' dir='ltr'>angues.</span> 
     </span>
     <span class='ocr_line' id='line_1_37' title="bbox 254 3607 1007 3690; baseline 0.003 -21"><span class='ocrx_word' id='word_1_243' title='bbox 254 3607 336 3686; x_wconf 89' lang='lat' dir='ltr'>Ergo</span> <span class='ocrx_word' id='word_1_244' title='bbox 358 3608 462 3685; x_wconf 87' lang='lat' dir='ltr'>procul</span> <span class='ocrx_word' id='word_1_245' title='bbox 482 3626 576 3670; x_wconf 83' lang='lat' dir='ltr'>vacua</span> <span class='ocrx_word' id='word_1_246' title='bbox 598 3608 732 3669; x_wconf 90' lang='lat' dir='ltr'>consedit</span> <span class='ocrx_word' id='word_1_247' title='bbox 751 3609 831 3669; x_wconf 82' lang='lat' dir='ltr'>valle</span> <span class='ocrx_word' id='word_1_248' title='bbox 854 3609 1007 3690; x_wconf 85' lang='lat' dir='ltr'>solumque</span> 
     </span>
     <span class='ocr_line' id='line_1_38' title="bbox 252 3691 1079 3772; baseline 0 -18"><span class='ocrx_word' id='word_1_249' title='bbox 252 3691 333 3754; x_wconf 88' lang='lat' dir='ltr'>Ense</span> <span class='ocrx_word' id='word_1_250' title='bbox 353 3691 427 3753; x_wconf 90' lang='lat' dir='ltr'>lodit</span> <span class='ocrx_word' id='word_1_251' title='bbox 447 3692 568 3770; x_wconf 76' lang='lat' dir='ltr'>Stygio,</span> <span class='ocrx_word' id='word_1_252' title='bbox 590 3703 746 3772; x_wconf 91' lang='lat' dir='ltr'>terraeque</span> <span class='ocrx_word' id='word_1_253' title='bbox 768 3695 952 3755; x_wconf 89' lang='lat' dir='ltr'>inmurmurat</span> <span class='ocrx_word' id='word_1_254' title='bbox 970 3695 1079 3756; x_wconf 85' lang='lat' dir='ltr'>absens</span> 
     </span>
     <span class='ocr_line' id='line_1_39' title="bbox 250 3775 1062 3859; baseline -0.004 -21"><span class='ocrx_word' id='word_1_255' title='bbox 250 3776 382 3854; x_wconf 88' lang='lat' dir='ltr'>Nomen,</span> <span class='ocrx_word' id='word_1_256' title='bbox 405 3785 435 3838; x_wconf 90' lang='lat' dir='ltr'>et</span> <span class='ocrx_word' id='word_1_257' title='bbox 455 3775 564 3854; x_wconf 77' lang='lat' dir='ltr'>Elysiis</span> <span class='ocrx_word' id='word_1_258' title='bbox 585 3779 700 3859; x_wconf 84' lang='lat' dir='ltr'>signum</span> <span class='ocrx_word' id='word_1_259' title='bbox 718 3777 918 3842; x_wconf 81' lang='lat' dir='ltr'>indubitabile</span> <span class='ocrx_word' id='word_1_260' title='bbox 934 3780 1062 3856; x_wconf 57' lang='lat' dir='ltr'>regma„</span> 
     </span>
    </p>
   </div>
   <div class='ocr_carea' id='block_1_5' title="bbox 0 0 1574 4434">
    <p class='ocr_par' dir='ltr' id='par_1_8' title="bbox 0 0 1574 4434">
     <span class='ocr_line' id='line_1_40' title="bbox 0 0 1574 4434; baseline 0 0"><span class='ocrx_word' id='word_1_261' title='bbox 0 0 1574 4434; x_wconf 95' lang='lat' dir='ltr'> </span> 
     </span>
    </p>
   </div>
  </div>
 </body>
</html>
