3134 4434
315 439 375 500 150
482 470 485 475 ·
646 446 681 497 a.
703 448 837 498 rurrnrr
860 447 977 517 aranu

313 606 444 687 Sectari,
467 613 515 666 aut
534 602 647 666 timidas
666 603 771 687 passus
791 605 982 686 meeuspide
1003 605 1101 667 damas

312 693 470 766 Sternere,
493 688 546 751 sed
567 689 667 750 tristes
688 689 807 750 turbare
829 688 974 751 cubilibus
995 709 1079 751 ursas
1261 744 1265 753 ,

311 774 537 854 Fulmineosque
557 792 646 850 sues,
667 783 697 834 et
717 773 811 834 sicubi
829 775 955 836 maxima
971 776 1055 853 tigris
1264 785 1319 841 410

313 861 372 920 Aut
393 860 514 920 seducta
535 859 609 937 iugis
628 859 727 920 loetae
748 859 891 938 spelunca
912 859 1044 921 leaenae.

312 945 381 1025 lpse
403 945 509 1005 sedens
530 952 614 1004 vasto
639 942 717 1004 facta
739 942 915 1033 expectabat
935 944 970 1004 ab
992 953 1089 1018 antro,

215 1064 223 1073 -
312 1028 344 1090 Si
365 1047 486 1109 sparsus
503 1045 607 1106 magno
628 1044 792 1097 remearem
809 1029 965 1105 sanguine;
985 1046 1040 1088 nec
1062 1047 1109 1090 me

313 1115 390 1174 Ante
413 1113 468 1173 nisi
488 1113 630 1193 inspectis
651 1111 765 1173 admisit
786 1111 823 1172 ad
847 1113 949 1173 oscula
966 1114 1048 1183 telis.

312 1199 431 1277 lamque
453 1196 539 1258 etad
561 1194 706 1258 ensiferos
725 1196 821 1256 vicina
843 1194 921 1276 pube
944 1197 1082 1258 tumultus
1264 1209 1317 1263 415

219 1328 221 1335 .
313 1282 460 1363 Aptabar,
483 1299 540 1341 nec
559 1299 606 1340 me
626 1281 688 1341 nlla
709 1279 766 1341 feri
783 1278 924 1341 Mavortis
942 1283 1038 1360 imago

312 1367 476 1428 Praeteriit.
521 1365 634 1443 Didici,
658 1381 717 1444 quo
736 1365 872 1426 Paeones
893 1384 971 1427 arma
993 1376 1099 1442 rotatu,

313 1449 380 1525 Quo
399 1449 533 1512 Macetae
554 1468 607 1510 sua
628 1467 701 1528 gesa
723 1449 829 1528 citent,
851 1467 909 1529 quo
932 1450 1046 1512 turbine
1069 1461 1184 1514 contum

313 1538 501 1596 Sauromates
521 1535 687 1614 falcemque
710 1532 802 1594 Getes
820 1552 976 1614 arcumque
997 1534 1125 1597 Gelonus

313 1619 476 1697 Tenderet,
501 1629 530 1680 et
550 1619 646 1680 flexae
666 1618 838 1679 Balearicus
858 1628 943 1680 actor
964 1620 1098 1681 habenae
1265 1628 1319 1683 420

314 1703 379 1778 Quo
402 1722 544 1783 suspensa
566 1703 684 1765 trahens
704 1702 826 1763 libraret
844 1704 966 1765 vulnera
985 1714 1072 1781 tortu,

313 1788 459 1849 inclusum
483 1789 618 1868 quotiens
640 1788 830 1865 distringeret
849 1806 918 1850 aera
939 1807 1025 1867 gyro.

312 1873 371 1934 Vix
392 1890 551 1933 memorem
573 1881 710 1948 cunctos,
734 1873 790 1932 etsi
804 1873 900 1935 modo
922 1876 1083 1953 gessimus,
1106 1884 1198 1935 actus.

312 1957 396 2018 Nunc
415 1957 504 2019 docet
525 1957 635 2035 ingenti
657 1956 731 2016 saltn
753 1974 800 2016 me
823 1959 944 2036 iungere
964 1958 1071 2035 fossas,

312 2041 396 2102 Nunc
416 2051 501 2122 caput
522 2042 594 2102 aerii
612 2040 800 2101 scandentem
822 2043 968 2122 prendere
988 2045 1103 2120 montis,
1264 2053 1318 2107 425

314 2126 379 2201 Quo
401 2127 510 2204 fugitur
529 2145 584 2206 per
604 2126 691 2205 plana
710 2127 820 2203 gradu,
842 2127 1056 2207 simulacraque
1074 2147 1201 2208 pugnae,

312 2209 461 2290 Excipere
482 2213 618 2271 inmissos
640 2219 760 2281 curvato
781 2210 907 2273 umbone
929 2213 1057 2273 molares

312 2297 518 2375 Ardentesque
541 2297 648 2356 intrare
672 2313 756 2355 casas
779 2297 967 2376 peditemque
990 2298 1124 2358 volantes

313 2382 425 2441 Sistere
448 2380 646 2459 quadriiugos.
690 2378 1041 2459 Memini,·rapidissimus
1063 2382 1124 2442 ibat

313 2464 456 2525 Imbribus
479 2464 603 2525 assiduis
625 2472 726 2542 pastus
749 2465 921 2545 nivibusque
945 2467 1048 2526 solutis
1264 2477 1318 2533 430

313 2548 474 2627 Sperchios
495 2548 653 2627 vulsasque
675 2547 777 2613 trabea
798 2558 827 2610 et
848 2567 919 2610 saxa
940 2551 1066 2628 larebat,

313 2631 407 2706 Quum
428 2652 474 2694 me
497 2632 547 2693 ille
571 2632 734 2707 inmissum,
758 2651 814 2711 qua
838 2636 955 2694 saevior
977 2637 1094 2714 inpetus
1116 2638 1220 2712 undae,
1254 2659 1257 2667 “

313 2719 398 2779 Stare
416 2717 496 2778 iubet
516 2727 617 2778 contra
638 2717 820 2796 tumidosque
841 2719 993 2798 repellere
1013 2721 1128 2797 ductus,

313 2801 396 2876 Quos
417 2805 467 2863 vix
488 2804 552 2883 ipse
574 2801 665 2881 gradu
689 2803 797 2862 totiens
820 2803 954 2864 obstante
975 2804 1099 2864 tulisset.

312 2888 430 2949 Stabam
452 2888 604 2967 equidem,
625 2904 682 2946 nec
702 2904 749 2946 me
770 2888 920 2948 relerebat
942 2890 1074 2949 concitus
1098 2893 1187 2952 amnis
1264 2903 1316 2957 435

311 2971 350 3033 Et
371 2973 446 3033 latae
467 2973 564 3051 caligo
585 2973 662 3032 niae.
706 2970 800 3032 Ferus
822 2973 874 3033 ille
895 2975 996 3035 minari

311 3055 449 3135 Desuper
467 3056 636 3117 incumbens
655 3056 814 3135 verbisque
836 3076 944 3136 urgere
965 3059 1116 3137 pudorem.

311 3138 376 3200 Nec
394 3142 448 3201 nisi
473 3143 567 3201 iussus
586 3141 655 3201 abii.
699 3143 750 3202 Sic
766 3160 813 3202 me
833 3143 963 3202 sublimis
986 3142 1094 3221 agebat

313 3224 430 3301 Gloria,
454 3244 510 3285 nec
527 3226 590 3286 duri
612 3234 691 3285 tanto
712 3225 766 3285 sub
787 3236 863 3288 teste
885 3227 1014 3288 labores.

312 3308 385 3370 Nam
410 3309 513 3389 procul
534 3309 673 3369 Oebalios
696 3311 725 3369 in
745 3311 842 3372 nubila
865 3313 994 3373 condere
1016 3313 1115 3373 discos
1264 3326 1317 3379 440

313 3392 351 3454 Et
372 3395 510 3475 liquidam
530 3395 640 3455 nodare
663 3393 754 3455 Palen
776 3405 806 3456 et
824 3414 968 3475 spargere
995 3408 1121 3473 caestus,

311 3479 407 3540 Ludus
427 3489 489 3540 erat
510 3480 687 3558 requiesque
710 3480 796 3550 mibi;
820 3499 876 3541 neo
894 3484 986 3542 maior
1009 3485 1038 3542 in
1059 3484 1121 3542 istis

312 3564 424 3642 Sudor,
443 3565 602 3645 Apollineo
621 3582 706 3646 quarn
727 3566 775 3626 iila
798 3569 930 3629 sonantia
952 3567 1066 3646 plectro

311 3647 405 3722 Quum
429 3659 579 3729 quaterem
600 3653 774 3730 priscosque
796 3653 889 3712 virum
907 3654 1029 3713 mirarer
1050 3652 1189 3714 bonores.

305 3732 384 3803 Quin
405 3737 493 3797 etiam
509 3751 618 3798 succos
639 3744 735 3817 atque.
748 3737 915 3810 auxiliantia
935 3737 1046 3798 morbis
1264 3749 1316 3800 445
