3134 4434
314 457 375 522 258
641 474 674 522 n.
695 474 831 523 chanun
852 473 973 526 suurn

314 629 451 693 Cominus
469 627 576 690 infandi
596 629 682 707 leges
702 629 848 692 accedere
868 633 965 710 regni,
1283 649 1320 705 ltu

315 717 380 792 Quo
400 714 562 793 Rhodopes
583 732 641 774 nou
662 715 721 776 nlla
743 734 848 792 nurus,
871 735 928 777 nee
951 718 1079 782 alumna
1106 725 1211 784 nivosi

311 800 442 862 Phasidis
463 800 588 879 innuptis
606 799 713 861 vallata
736 801 904 861 cohortibus
924 803 994 863 iret.

312 885 394 947 'lunc
413 893 511 945 movet
531 892 594 945 arte
615 884 730 960 dolnru,
753 903 810 963 quo
832 894 926 946 semet
941 886 978 947 ab
997 891 1132 966 agmine
1152 892 1214 955 lido

312 971 476 1048 Segreget,
493 970 665 1048 inmitesque
686 969 759 1030 deos
775 988 935 1050 regemque
956 984 1127 1036 cruentum

313 1053 514 1134 contemptrix
535 1055 647 1114 animas
669 1063 699 1114 et
716 1073 823 1132 magno
843 1058 999 1117 temeraria
1025 1058 1118 1121 luctu
1281 1073 1319 1128 185

310 1141 472 1208 Provocet;
492 1138 644 1199 hortantur
663 1140 757 1217 pietus
778 1142 920 1219 ignesque
942 1141 1060 1220 pudici.

312 1226 381 1306 lpse
403 1226 490 1286 etiam
510 1233 577 1283 ante
597 1223 702 1283 oculos
723 1227 800 1284 omni
821 1225 989 1285 manifestus
1015 1229 1048 1287 in
1072 1240 1152 1292 actu

311 1311 395 1372 Nunc
413 1308 523 1387 hospes
542 1309 684 1384 miserae,
708 1311 814 1388 primas
832 1328 908 1369 nuuc
929 1327 1065 1388 sponsus
1088 1316 1133 1377 ad
1158 1335 1240 1396 aras,

311 1395 395 1456 Nunc
413 1395 488 1453 mitis
508 1394 629 1469 coniux,
650 1412 726 1453 nunc
745 1395 802 1454 ium
824 1393 878 1454 sub
899 1394 1017 1455 casside
1043 1405 1142 1461 torva

312 1480 444 1541 Moestus
463 1480 493 1538 in
511 1478 646 1558 amplexu
666 1477 843 1558 multumque
863 1497 880 1540 e
901 1480 998 1540 limine
1023 1499 1152 1546 summo
1280 1498 1317 1552 ltu

311 1565 502 1643 Respiciens;
523 1563 576 1624 sed
596 1563 674 1623 nullu
694 1564 788 1623 animo
808 1564 981 1625 obversatur
1002 1566 1114 1644 imago

312 1649 470 1725 crebrior,
491 1648 579 1709 Aonii
596 1666 681 1726 quam
703 1667 778 1727 quae
800 1649 837 1710 de
860 1649 998 1727 sanguiue
1023 1657 1132 1732 campi

311 1734 395 1795 Nuda
416 1734 496 1792 venit
513 1734 667 1812 poscitque
685 1751 787 1810 rogos.
827 1733 877 1793 llis
897 1735 982 1795 anxia
1003 1745 1146 1800 mentem

312 1819 470 1895 Aegrescit
491 1820 586 1892 curis,
609 1827 638 1877 et
659 1819 707 1895 qui
727 1820 907 1878 castissimus
919 1818 1028 1895 ardor,

312 1904 409 1964 Funus
431 1910 519 1972 amat;
540 1911 609 1961 tuuc
631 1901 666 1962 ud
688 1904 811 1963 comites
834 1920 977 1964 conversa
996 1903 1175 1986 Pelasgas:
1279 1920 1314 1976 uti

377 1987 473 2064 ‘Vos,
497 1989 552 2063 ait,
571 1986 698 2048 Actaeas
719 1989 799 2048 acies
820 1987 1062 2067 Marathoniaque
1086 2010 1178 2056 arma

311 2073 436 2147 Elicite,
459 2071 646 2152 adspiretque
668 2073 718 2152 pio
740 2073 856 2133 fortuna
877 2073 980 2133 labori.

311 2158 359 2219 lle
379 2159 464 2218 sinite
485 2156 632 2235 Ogygias,
654 2166 751 2218 tantae
774 2176 848 2236 quae
871 2158 936 2218 sola
956 2158 1061 2220 ruinae

313 2241 408 2305 Causa
425 2243 484 2318 ini,
507 2251 662 2321 penetrare
684 2243 788 2304 domos
808 2252 839 2302 et
860 2243 976 2303 fulmina
997 2249 1089 2322 regni

312 2329 405 2390 Prima
428 2328 502 2407 puti;
522 2345 577 2388 nec
598 2328 684 2388 surda
703 2328 784 2388 ierae
807 2327 984 2406 pulsabimus
1005 2329 1095 2391 urbis
1278 2349 1316 2402 quo

311 2413 435 2487 Limina,
455 2420 520 2472 snnt
543 2412 604 2472 illic
626 2415 723 2473 soceri
739 2413 808 2473 mihi
829 2422 952 2491 suntque
973 2429 1103 2477 sorores

314 2495 470 2574 Coniugis,
496 2506 526 2556 et
548 2496 664 2557 Thebas
681 2497 756 2557 haud
774 2498 933 2576 ignoranda
954 2497 1074 2559 subibo.

313 2582 359 2644 Ne
381 2590 489 2641 tantum
510 2591 649 2642 revocate
669 2583 793 2658 gradum
815 2583 867 2644 illo
889 2584 1003 2661 inpetus
1029 2584 1148 2664 ingens

312 2667 529 2745 Auguriumque
551 2666 660 2726 animi?
702 2666 766 2727 Nec
784 2667 883 2746 plura,
905 2684 1053 2746 unumque
1072 2670 1259 2756 blenoeten,

314 2751 389 2813 Olim
406 2751 455 2811 hic
474 2752 598 2829 virginei
620 2760 720 2811 custos
741 2754 924 2832 monitorque
945 2752 1084 2832 pudoris,
1278 2773 1316 2827 qm

312 2837 418 2916 Eligit,
441 2844 471 2896 et
493 2854 662 2916 quamquam
683 2838 764 2897 rudis
783 2846 871 2917 atque
891 2839 991 2914 ignara
1013 2837 1164 2906 locorum

312 2922 494 3001 Praecipites
512 2940 649 2999 gressus,
672 2939 729 3000 qua
746 2930 870 2982 venerat
891 2920 1027 2997 Omitus,
1047 2926 1170 2990 aufert.

312 3006 410 3087 Atque
432 3006 480 3066 ubi
500 3008 562 3066 visa
584 3007 687 3086 procul
709 3008 806 3066 socias
826 3007 947 3086 liquisse
968 3006 1136 3073 malorum:

315 3091 427 3168 εΑιπιο,
447 3093 500 3170 ait,
519 3090 642 3152 hostiles
664 3109 723 3168 ego
743 3100 774 3152 te
795 3090 913 3152 labente
931 3109 986 3170 per
1004 3109 1114 3173 agros,

312 3175 377 3237 lleu
399 3176 500 3237 dolor!
519 3186 688 3256 expectem,
711 3193 854 3255 quaenam
874 3176 1018 3237 sententia
1037 3176 1118 3243 lenti

314 3258 470 3322 Theseos?
491 3279 526 3321 an
546 3261 626 3321 bello
648 3279 808 3340 proceres,
831 3279 868 3321 an
888 3261 993 3322 dexter
1012 3260 1179 3348 haruspex

315 3342 449 3406 Annuut?
468 3346 579 3406 interea
599 3346 684 3406 funus
707 3347 870 3422 decrescit,
892 3355 921 3406 et
941 3346 1024 3406 uncis

314 3430 442 3492 Alitibus
462 3447 520 3490 non
540 3432 595 3491 hos
614 3432 711 3511 potius
732 3433 920 3510 supponimus
939 3428 1040 3491 artus?
1064 3478 1071 3491 .

314 3515 353 3576 Et
373 3533 448 3575 nunc
468 3533 514 3575 me
536 3515 650 3591 duram,
672 3516 781 3595 siquis
803 3515 856 3576 tibi
876 3534 996 3591 sensus,
1019 3517 1057 3579 ad
1086 3523 1221 3591 umbras

313 3599 362 3660 lile
382 3599 492 3661 tardam
512 3601 646 3679 quereris
667 3601 793 3677 Stygiis,
815 3600 967 3677 lidissime,
990 3599 1081 3666 divis.
1281 3621 1317 3678 tlt

314 3683 378 3745 lleu
399 3686 424 3745 si
445 3685 537 3746 nudus
558 3684 666 3760 adbuc,
688 3684 746 3744 heu
768 3688 793 3744 si
813 3687 868 3745 iam
889 3687 966 3745 iorte
988 3688 1146 3771 sepultus,

303 3768 446 3836 Nostrum
469 3781 625 3855 utrumque
645 3770 750 3842 usias,
769 3771 848 3832 adeo
866 3770 915 3829 nis
931 3769 1015 3827 nulla
1031 3772 1172 3855 uolenti,
