3134 4434
630 459 806 509 savarum
818 460 850 508 L.
865 460 888 508 1.

315 619 416 697 Digna
437 619 514 679 deae
532 617 620 677 sedes
641 615 739 676 nitidis
758 634 815 676 nee
839 614 940 676 sordet
959 615 995 676 ab
1018 619 1115 678 astris.

253 704 307 766 llic
324 704 456 780 Libycus
479 701 680 779 Phrygiusque
702 699 795 777 silex,
818 700 865 760 hic
884 700 955 760 dura
970 700 1115 764 Laconum

255 791 332 850 Saxa
354 790 468 857 virent;
491 786 539 846 hic
561 786 654 845 llexus
674 801 753 860 onyx
776 794 806 844 et
827 783 971 844 concolor
991 788 1051 847 alto

253 875 337 935 Vena
358 874 433 933 mari
452 888 602 949 rupesque
620 871 728 946 nitent,
756 871 820 947 quis
843 887 971 948 purpura
990 889 1081 950 saepe
1210 888 1262 940 150

255 957 378 1018 Oebalis
402 965 433 1017 et
452 956 531 1031 Tyrii
551 955 718 1015 moderator
737 954 809 1014 livet
830 954 924 1014 aheni.

255 1043 388 1103 l'endent
406 1041 563 1100 innumeris
586 1038 703 1116 fastigia
724 1039 792 1099 nixa
814 1039 970 1106 columnis;

255 1126 379 1187 Robora
401 1125 564 1185 Dalmatico
584 1122 684 1183 lucent
706 1125 809 1184 satiata
830 1122 961 1184 metallo.

255 1210 427 1272 Exoludunt
443 1208 542 1269 radios
559 1207 641 1268 silvis
660 1207 786 1267 demissa
807 1210 931 1268 vetustis

255 1296 400 1373 Frigora,
423 1294 573 1373 perspicui
593 1295 693 1353 vivunt
714 1292 743 1351 in
763 1309 906 1352 marmore
929 1291 1036 1351 tontes.
1210 1309 1260 1361 155

256 1380 321 1440 Nec
344 1388 446 1440 servat
466 1387 567 1439 natura
588 1378 680 1437 vices
722 1376 777 1436 llic
799 1377 890 1436 Sirius
912 1376 1008 1454 alget,

257 1465 362 1524 Bruma
384 1473 484 1543 tepet,
505 1479 681 1540 versumque
702 1461 804 1521 domus
822 1461 879 1520 sibi
899 1471 1044 1540 temperet
1064 1479 1175 1522 annum.

258 1548 378 1609 Exultat
398 1550 464 1608 visu
486 1549 632 1625 tectisque
653 1547 783 1625 potentis
801 1546 933 1606 alumnae

257 1632 323 1694 Non
342 1651 432 1692 seem
448 1631 522 1692 alma
535 1631 646 1707 Venus,
666 1631 791 1708 quamsi
807 1630 927 1708 Paphon
941 1647 1070 1709 aequore
1086 1632 1122 1692 ab
1138 1634 1197 1693 alto
1315 1704 1318 1709 ¹

257 1717 426 1796 Idaliasque
448 1717 550 1777 domos
571 1715 756 1794 Erycinaque
778 1715 887 1794 templa
908 1715 1028 1775 subiret.
1211 1730 1263 1785 160

323 1801 407 1862 Tune
425 1803 517 1880 ipsam
536 1801 602 1861 solo
624 1800 765 1861 reclinem
786 1801 873 1860 allata
892 1800 993 1860 cubili:

258 1887 406 1961 ‘Quonam
427 1886 475 1946 hic
496 1902 590 1963 usque
606 1902 699 1963 sopor
714 1886 858 1962 vacuique
876 1885 1020 1946 modestia
1038 1885 1118 1963 lecti,

261 1970 284 2030 0
307 1970 377 2030 milri
397 1969 556 2030 Laurentes
575 1972 651 2029 inter
670 1969 777 2029 dilecta
796 1966 934 2047 puellas?

261 2056 333 2129 Quis
355 2071 467 2114 morum
489 2040 616 2132 lideique
638 2050 761 2113 modus?
792 2053 990 2131 Numquamne
1012 2053 1089 2114 virili

261 2139 439 2200 Submittere
461 2134 552 2217 iugo?
588 2139 695 2198 Veniet
715 2139 771 2198 iam
791 2139 902 2197 tristior
923 2147 1014 2198 aetas.
1213 2151 1262 2221 165

262 2223 380 2284 Exeroe
404 2224 524 2283 formam
540 2232 570 2283 et
591 2222 768 2301 fngientibus
790 2232 874 2282 utere
897 2223 991 2283 donis.

261 2308 328 2369 Non
351 2308 420 2368 ideo
439 2307 490 2367 tibi
511 2308 570 2367 tale
592 2307 684 2367 decus
704 2307 860 2385 vultusque
883 2305 1028 2385 superbos

261 2393 370 2472 lleque
393 2392 475 2469 dedi,
497 2393 601 2452 viduos
621 2402 653 2452 ut
675 2392 871 2453 transmittare
889 2409 943 2471 per
964 2409 1055 2452 annos

263 2477 327 2538 Ceu
348 2493 407 2536 non
427 2494 495 2536 aare
515 2476 592 2537 milri.
636 2478 713 2536 Setis
734 2493 751 2536 o
773 2477 947 2556 nimiumque
969 2479 1085 2555 priores

262 2562 449 2640 Despexisse
469 2578 587 2640 procos.
633 2560 672 2621 At
693 2562 768 2621 enim
790 2561 837 2621 hic
857 2561 908 2621 tibi
929 2564 1069 2639 sanguine
1092 2573 1153 2624 toto
1215 2574 1264 2630 170

261 2647 387 2707 Deditus
405 2662 489 2705 unam
512 2662 613 2705 omnes
633 2647 709 2705 inter
729 2648 848 2706 miratur
871 2656 1015 2725 amatque,

261 2731 327 2792 Nec
338 2730 455 2811 *formae
477 2748 534 2790 nec
555 2732 656 2810 stirpis
677 2748 787 2808 egens:
808 2748 872 2792 nam
891 2731 979 2792 docta
1001 2750 1055 2811 per
1078 2733 1180 2793 urbem

264 2815 400 2877 Carmina
422 2816 470 2893 qui
491 2816 628 2892 iuvenes,
655 2833 731 2893 quae
752 2833 811 2876 non
831 2815 962 2876 didicere
987 2815 1128 2896 puellae?

262 2901 346 2960 llnnc
369 2907 398 2959 et
419 2899 555 2961 bissenos
576 2931 618 2949 -·
638 2901 682 2959 sic
705 2900 884 2978 indulgentia
905 2910 1010 2979 pergat

262 2983 410 3045 Praesidis
431 2984 553 3045 Ausonii
572 3016 615 3033 -
632 3001 736 3046 cernes
756 2984 895 3046 attollere
918 2985 1017 3044 fasces
1215 2994 1264 3050 175

263 3069 342 3130 Ante
365 3067 455 3136 diem;
479 3079 560 3129 certe
583 3070 638 3128 iam
658 3086 734 3130 nunc
756 3067 899 3145 Cybeleia
919 3070 1000 3127 novit

262 3153 372 3214 limina
393 3162 423 3213 et
444 3151 595 3213 Euboicae
615 3172 732 3215 carmen
750 3154 824 3231 legit
843 3153 893 3212 ille
913 3152 1056 3228 Sibyllae.

262 3238 383 3316 lamque
406 3254 512 3316 parens
534 3238 647 3314 Latius,
668 3241 749 3299 euius
771 3255 970 3318 praenoscere
990 3248 1116 3299 mentem

262 3321 322 3383 Eas
343 3321 428 3397 milri,
453 3340 618 3402 purpureos
639 3323 755 3384 habitus
776 3326 932 3402 iuvenique
957 3324 1057 3383 curule

261 3405 430 3484 Indulgebit
452 3407 524 3467 ebur
541 3406 698 3486 Dacasque
720 3425 858 3485 -quae
879 3406 1107 3485 gloriamaior‘i
1130 3441 1171 3456 -
1217 3418 1266 3471 180

262 3490 394 3552 Exuvias
416 3491 572 3571 laurosque
592 3493 672 3553 dabit
690 3492 845 3553 celebrare
867 3502 1014 3553 recentes.

262 3575 345 3653 Ergo
369 3594 441 3653 age,
465 3577 552 3654 iunge
573 3587 656 3637 toros
677 3586 765 3656 atque
788 3578 847 3637 otie
866 3577 953 3637 deme
974 3580 1118 3637 iuventae.

263 3660 346 3735 Quas
369 3677 426 3737 ego
449 3678 506 3721 non
527 3670 648 3739 gentes,
672 3680 748 3741 qnae
767 3678 825 3721 non
847 3661 913 3721 iace
936 3662 1025 3722 corda
1048 3658 1165 3738 iugavi?

262 3744 393 3807 Alituum
415 3747 616 3826 pecudumque
635 3745 704 3809 milri
721 3747 844 3825 durique
865 3746 993 3807 ferarum
