3134 4434
615 444 792 507 sruvnaum
814 458 847 507 u.
867 458 902 506 r.

259 615 338 678 Cura
358 615 463 692 domo,
487 647 529 660 -
547 633 680 694 maguum
699 615 759 675 lato
780 615 924 676 dimittere
945 613 974 674 in
995 615 1097 676 orbem

258 702 397 763 Romulei
416 698 549 761 mandata
571 701 670 777 ducis,
688 701 828 780 uiresque
847 699 1008 779 modosque

258 787 380 866 huperii
401 794 528 846 tractare
549 803 648 855 mauu;
672 803 747 865 quae
769 786 868 845 laurus
891 785 926 845 ab
947 794 1040 861 arcto,

259 871 338 947 Quid
358 889 452 948 vagus
472 868 654 950 Euphrates,
678 871 747 949 quid
767 871 831 949 ripa
852 869 1006 929 binominis
1026 869 1103 946 lstri,

260 956 340 1030 Quid
361 955 456 1016 Rheni
476 955 587 1015 vexilla
607 955 717 1032 ierant,
740 964 875 1035 quantum
896 955 1012 1014 ultimus
1033 955 1113 1016 orbis
1227 966 1262 1020 90

260 1039 396 1101 Gesserit
416 1049 446 1100 et
466 1040 570 1118 roingo
593 1042 775 1099 circumsona
792 1041 909 1117 gurgite
929 1038 1031 1099 Thule.

259 1125 363 1186 Omnia
382 1143 447 1185 uam
466 1124 580 1185 laceras
599 1124 658 1203 pila
676 1124 837 1185 attollentia
855 1123 985 1202 frondes,

258 1208 407 1289 Nullaque
428 1210 541 1270 fumosa
562 1211 693 1287 signatur
713 1210 817 1269 lancea
835 1210 931 1287 pinna.

321 1295 497 1370 Praeterea,
518 1294 593 1354 lidos
615 1294 744 1354 dominns
767 1294 792 1353 si
814 1294 922 1355 dividat
942 1313 1040 1372 enses,

259 1379 394 1440 Pandere
413 1379 478 1458 quis
502 1388 614 1439 centum
635 1379 732 1439 valeat
752 1379 868 1439 frenare
888 1379 1021 1459 maniplis
1228 1388 1261 1443 95

259 1464 445 1525 intermixtus
468 1481 578 1542 equos,
602 1464 665 1542 quis
688 1465 880 1542 praecepisse
899 1463 1023 1540 cohorti,

261 1549 357 1624 Quem
378 1548 484 1609 deceat
502 1549 575 1608 clari
592 1551 788 1628 praestantior
811 1548 883 1608 ordo
906 1549 1023 1625 tribuni,

261 1633 402 1709 Quisnam
424 1633 591 1710 frenigerae
614 1635 727 1710 siguum
748 1634 819 1694 dare
839 1633 953 1711 dignior
973 1633 1047 1693 alae.

259 1717 343 1779 Hillo
365 1719 450 1778 etiam
472 1735 634 1796 praenosse
658 1719 758 1793 vices,
779 1737 815 1778 an
836 1719 971 1778 merserit
993 1737 1080 1796 agros

259 1802 362 1879 Nilus,
386 1821 422 1864 au
443 1803 592 1863 imbrifero
612 1802 704 1879 Libye
721 1803 869 1864 sudaverit
888 1811 1002 1871 austro;
1092 1813 1096 1822 ‘
1212 1818 1263 1875 roo

261 1886 434 1967 Cunctaque
454 1889 479 1946 si
497 1905 662 1963 numerem,
685 1905 743 1947 non
763 1888 847 1967 plura
870 1889 1029 1968 interprete
1052 1890 1134 1967 virga

259 1972 380 2034 Nuntiat
399 1990 416 2032 e
438 1972 527 2032 celsis
550 1972 613 2032 ales
632 1972 809 2050 Tegeaticus
828 1974 924 2049 astris,

261 2058 404 2136 Quaeque
428 2057 505 2117 cadit
525 2056 648 2136 liquidas
670 2057 789 2137 lunquia
810 2060 895 2134 virgo
922 2076 977 2136 per
999 2076 1095 2134 auras,

258 2140 298 2204 Et
321 2144 464 2222 picturato
484 2143 612 2220 pluvium
630 2143 702 2220 ligat
724 2160 793 2203 aera
814 2160 900 2219 gyro,

260 2228 406 2306 Quaeque
424 2236 488 2286 tuns
510 2227 609 2287 laurus
629 2228 761 2304 volucri,
784 2226 972 2302 Germanice,
997 2245 1082 2286 curru
1211 2237 1262 2291 105

260 2310 349 2372 Fama
369 2311 465 2387 uehit,
489 2329 666 2390 praegressa
688 2313 763 2373 diem
785 2312 955 2390 tardumque
977 2311 1030 2370 snb
1053 2313 1139 2372 astris

261 2395 378 2458 Arcada
400 2397 476 2456 etin
499 2397 594 2457 medio
614 2397 717 2476 linquit
738 2395 944 2457 Thaumantida
966 2397 1064 2456 coelo.

325 2480 448 2556 Qualem
469 2490 498 2540 te
516 2483 632 2560 superi,
655 2481 804 2559 Priscilla,
827 2481 1018 2562 hominesque
1040 2482 1167 2562 benigno

236 2571 239 2577 '
259 2565 438 2646 Adspexere
462 2566 528 2642 die,
553 2585 638 2644 quum
655 2568 776 2646 primum
801 2566 966 2646 ingentibus
984 2569 1056 2628 actis

259 2651 404 2712 Admotus
425 2651 546 2712 coniux!
581 2651 685 2711 Vicisti
706 2652 812 2731 gaudia
831 2662 913 2714 certe
1210 2665 1262 2717 110

259 2734 375 2815 Ipsius,
399 2735 491 2795 alfuso
511 2736 576 2796 dum
594 2740 717 2815 pectore
739 2755 831 2817 prona
851 2746 982 2798 sacratos

258 2820 339 2882 Ante
359 2820 453 2899 pedes
472 2822 556 2882 avide
577 2822 683 2882 domiui
703 2831 760 2882 tam
780 2840 883 2900 magua
905 2823 1041 2883 merentis

257 2904 409 2965 Volveris.
453 2906 549 2966 Aonio
570 2908 628 2966 uon
649 2909 692 2967 sio
713 2909 743 2967 iu
763 2909 877 2967 vertice
898 2907 1017 2985 gaudet,

260 2989 356 3065 Quam
376 2999 461 3069 pater
478 2992 576 3051 arcani
595 2992 740 3071 praefecit
761 2991 885 3053 hiatibus
908 2993 981 3052 autri

257 3073 381 3152 Delius,
401 3084 450 3136 aut
471 3077 555 3155 primi
578 3078 624 3137 oui
644 3078 689 3136 ins
709 3076 879 3138 venerabile
900 3076 993 3153 thyrsi
1213 3088 1273 3140 115⁷

257 3158 393 3221 Bncchns
415 3169 446 3220 et
468 3163 606 3222 attonitae
625 3162 723 3223 tribuit
741 3162 851 3222 vexilla
873 3171 1019 3224 catervae.

321 3243 385 3304 Nec
404 3252 500 3305 tamen
519 3246 567 3307 hic
586 3256 693 3308 mutata
715 3250 799 3326 quies
823 3248 991 3327 probitasve
1014 3246 1150 3307 secundis

258 3327 407 3399 Intumuit;
428 3340 512 3391 teuor
530 3332 607 3392 idem
627 3334 721 3392 animo
742 3350 900 3413 moresque
920 3331 1045 3393 modesti

257 3412 388 3475 Fortuna
407 3426 561 3476 crescente
584 3426 708 3477 manent.
752 3417 847 3478 Fovet
866 3419 956 3493 anxia,
972 3435 1077 3478 curas·

259 3495 402 3577 Coniugis
427 3499 617 3582 hortaturque
638 3502 722 3562 simul
743 3502 893 3581 ilectitqne
915 3500 1044 3563 labores.
1183 3558 1186 3563 ,
1214 3508 1262 3560 120

256 3582 328 3663 lpsa
349 3584 442 3664 dapes
463 3587 593 3648 modicas
616 3595 646 3648 et
665 3588 765 3649 sobria
787 3587 895 3666 pocula
915 3586 1012 3662 tradit,

257 3667 493 3750 Exemplumque
515 3671 551 3733 ad
572 3672 666 3734 herilo
688 3681 801 3741 mouet;
821 3672 902 3732 velut
919 3668 1036 3752 Appula
1058 3671 1165 3732 coniux

257 3753 421 3834 Agricolae
443 3756 543 3836 parci,
566 3758 616 3820 vel
636 3756 702 3820 sole
723 3757 833 3822 iniecta
852 3755 975 3838 Sabina,

299 3859 436 3902 suerrus
452 3860 474 3900 t.
1091 3841 1114 3899 *l
