3134 4434
293 419 354 482 192
627 431 815 481 21²ssqu
840 431 957 481 susum

294 588 445 668 Corpora;
467 604 524 648 nec
546 596 637 667 ponto
657 587 790 648 submota
815 588 941 649 intrabat
963 607 1099 652 amaram
1266 607 1304 662 ato

292 675 419 749 Dorida,
442 690 613 752 possessum
633 672 729 734 donee
748 675 805 733 iam
826 673 960 734 iluctibus
982 675 1052 736 altis

291 759 449 820 Nereidum
470 759 605 819 miserata
629 758 737 818 cohors
756 757 793 818 ad
813 768 934 838 pectora
955 762 1060 820 matris

293 843 415 923 lnpulit;
443 843 493 904 illa
512 861 596 903 manu
618 861 672 902 ceu
693 844 789 902 vivum
811 844 946 922 amplexa
966 856 1111 922 reportat

293 929 487 1007 losternitque
507 929 580 987 toris
600 929 726 1006 riparum
748 937 836 1006 atque
856 928 970 988 humida
991 930 1092 991 siccat

293 1012 431 1073 Mollibus
452 1030 503 1072 ora
524 1012 632 1087 comis,
655 1021 741 1091 atque
761 1013 837 1073 baec
856 1013 1013 1073 ululatibus
1035 1015 1141 1078 addit:
1264 1030 1305 1086 ab

358 1097 439 1157 ‘Hoc
460 1097 512 1157 tibi
533 1095 654 1156 semidei
675 1115 777 1157 munus
798 1098 927 1158 tribuere
948 1099 1120 1176 parentes?

293 1182 358 1243 Nec
379 1182 510 1242 mortalis
529 1177 621 1241 avus?
644 1183 688 1241 sic
709 1191 812 1241 nostro
831 1183 859 1242 in
878 1184 993 1259 gurgite
1017 1186 1162 1261 regnas?

293 1267 391 1328 Mitior
411 1267 469 1326 heu
491 1269 599 1326 misero
623 1266 737 1326 discors
758 1267 911 1345 alienaque
933 1267 1032 1345 tellus,

293 1351 391 1412 blitior
412 1352 488 1412 unda
507 1353 610 1427 maris,
633 1369 709 1430 quae
729 1353 808 1411 iuxta
829 1352 943 1411 llumina
964 1368 1077 1431 corpus

294 1437 415 1498 Rettulit
435 1445 464 1495 et
484 1438 619 1496 miseram
638 1438 700 1495 visa
721 1445 898 1514 expectasse
916 1446 1081 1515 parentem.
1265 1457 1306 1511 380

293 1522 368 1582 lline
390 1523 447 1580 mei
468 1517 585 1581 vubus‘l
612 1521 686 1580 haec
708 1523 784 1581 torvi
807 1521 910 1581 lumina
931 1519 1044 1599 patris?

294 1607 330 1667 lli
353 1608 448 1666 crines
469 1606 600 1666 undantis
621 1602 687 1666 avi?
710 1615 740 1666 tu
761 1605 861 1665 nobile
883 1607 1026 1684 quondam

293 1691 439 1752 Undarum
459 1708 666 1769 nemorumque
689 1691 796 1766 decus,
820 1708 878 1769 quo
899 1693 1010 1769 sospite
1033 1696 1135 1755 maior

293 1776 368 1837 Diva
391 1785 420 1835 et
441 1775 629 1854 nympharum
651 1775 739 1852 longe
761 1777 862 1852 regina
883 1775 1009 1835 ferebar.

294 1861 374 1921 Heus
396 1860 509 1920 ubinam
529 1859 580 1919 ille
602 1860 741 1938 frequens
763 1860 850 1920 modo
872 1861 950 1921 cirea
972 1861 1068 1922 limina
1097 1869 1211 1928 matris
1262 1879 1304 1934 383

294 1945 426 2006 Ambitus
449 1954 624 2024 orantesque
641 1944 694 2003 tibi
711 1947 825 2004 servire
844 1942 1004 2024 Napaeae?

296 2029 354 2091 Gur
373 2049 447 2090 nunc
469 2039 498 2089 te
520 2030 623 2089 melius
644 2047 734 2089 saevo
756 2047 889 2090 mansura
909 2029 1054 2108 profundo

293 2115 440 2194 Amplexu
459 2116 566 2175 misero
586 2114 717 2190 tumulis,
738 2112 888 2192 Crenaee,
910 2124 1043 2192 reporto,

294 2200 360 2260 Non
381 2197 472 2260 mibi?
499 2218 555 2260 nec
576 2209 672 2259 tantae
694 2200 783 2278 pudet
802 2199 876 2259 heu!
899 2200 1076 2278 miseretque
1101 2205 1227 2284 ruinae,

293 2285 375 2346 Dure
398 2282 525 2363 parens?
546 2303 621 2363 quae
643 2294 673 2344 te
692 2285 803 2344 altaet
825 2283 1018 2344 ineluctabilis
1040 2287 1100 2345 imo
1261 2300 1306 2358 spo

297 2368 432 2430 Condidit
451 2388 532 2430 amne
551 2369 651 2448 palus,
675 2387 732 2447 quo
755 2371 811 2428 iam
832 2386 888 2429 nec
906 2369 994 2428 cruda
1013 2373 1138 2447 nepotis

294 2453 425 2530 Funera,
449 2473 504 2514 nec
524 2455 615 2514 nostri
636 2453 752 2514 valeant
774 2472 964 2532 perrumpere
986 2453 1151 2533 planctus?

295 2538 377 2599 Ecce
400 2538 467 2598 lurit
488 2540 633 2617 iactatque
652 2547 702 2597 tuo
723 2556 756 2598 se
777 2540 806 2597 in
824 2541 940 2616 gurgite
960 2540 1051 2598 maior

296 2622 515 2702 Hippomedon,
537 2623 617 2682 illum
638 2623 779 2702 ripaeque
801 2624 953 2702 undaeque
974 2625 1162 2704 tremiscunt,

296 2706 379 2767 Illius
400 2708 515 2787 inpulsu
536 2716 665 2768 nostrum
686 2707 759 2768 bibit
778 2709 854 2768 unda
876 2725 1018 2768 cruorem.
1260 2727 1306 2782 395

297 2791 340 2852 'lu
362 2794 448 2872 piger
470 2803 500 2854 et
518 2791 646 2854 trucibus
667 2792 763 2853 facilis
782 2794 895 2853 servire
917 2793 1058 2870 Pelasgis.

296 2877 343 2938 nd
365 2880 480 2939 cineres
501 2878 604 2939 saltem
626 2896 821 2958 supremaque
842 2879 916 2938 iusta
936 2886 1048 2937 tuorum

296 2963 409 3041 Saeve,
431 2964 514 3039 veni,
535 2981 593 3023 non
614 2962 662 3022 hic
681 2963 774 3023 solum
795 2980 955 3023 accensure
975 2970 1141 3040 nepotem!

360 3047 411 3107 llis
433 3050 536 3108 miscet
558 3048 707 3128 planctus,
731 3048 908 3128 multumque
928 3048 1043 3124 indigna
1063 3061 1208 3116 cruentat

297 3132 438 3208 Pectora,
462 3132 617 3193 caeruleae
639 3131 769 3192 referunt
789 3132 911 3192 lamenta
932 3148 1063 3192 sorores.
1261 3154 1310 3208 400

297 3215 429 3290 Qualiter
450 3216 604 3277 Isthmiaco
626 3216 751 3276 nondum
769 3217 896 3277 Nereida
919 3226 1004 3296 portu

294 3299 481 3361 Leucothean
502 3302 651 3381 planxisse
673 3302 784 3378 ierunt,
808 3302 873 3362 dum
895 3311 1017 3380 pectore
1039 3302 1154 3366 anhelo

296 3384 430 3464 Frigidus
451 3387 480 3445 in
500 3395 619 3446 matrem
640 3403 759 3446 saevum
780 3405 860 3447 mare
880 3388 992 3466 respuit
1010 3385 1117 3447 inians.

360 3471 399 3530 At
425 3479 510 3549 pater
530 3489 636 3531 arcano
657 3471 792 3532 residens
813 3471 944 3531 Ismenos
963 3472 992 3530 iu
1014 3480 1110 3549 antro,

296 3554 380 3616 Unde
402 3573 490 3616 aurae
512 3555 662 3635 nubesque
683 3555 800 3633 bibunt,
824 3565 910 3636 atque
932 3555 1061 3616 imbrifer
1083 3557 1192 3626 Arcus
1263 3579 1310 3634 405

295 3639 426 3701 Pascitur
447 3650 477 3700 et
497 3639 602 3716 Tyrios
622 3641 727 3701 melior
747 3642 827 3701 venit
848 3659 937 3701 annus
958 3641 986 3698 in
1007 3658 1109 3719 agros,

295 3723 334 3785 Ut
347 3725 471 3787 lamenta
485 3725 591 3808 procul
606 3761 648 3771 -
662 3744 834 3808 quamquam
850 3725 993 3805 obstrepit
1006 3727 1071 3804 ipse
1089 3763 1135 3778 -
1151 3752 1311 3820 novosque
