3134 4434
507 842 1006 974 aerumnosarum

337 1027 490 1131 ΤΗ
540 1027 588 1130 Ε
639 1012 876 1132 BJA'I
927 1024 1177 1132 Dos

584 1217 845 1294 LIBER
899 1219 929 1292 Ι.

656 1430 863 1449 σιμ-...ηαυ-
881 1430 907 1451 ,Ι-

328 1522 500 1636 Fraternas
519 1577 599 1636 aoies
621 1574 792 1655 altemaqne
811 1594 904 1655 regna
925 1576 1057 1656 profanis

256 1660 416 1722 Decertata
437 1661 510 1722 odiis
530 1670 690 1739 sontesque
709 1662 850 1722 evolvere
874 1661 1001 1740 Thebas,

256 1745 370 1806 Pierius
387 1746 476 1805 menti
496 1746 578 1807 calor
601 1748 711 1808 incidit.
756 1746 842 1807 Unde
860 1747 968 1807 iubetis
1012 1802 1015 1807 ,
1111 1780 1113 1783 -

257 1831 323 1907 lre,
343 1827 438 1891 deae?
480 1829 618 1892 Gentiana
633 1850 739 1892 canam
756 1833 915 1910 primordia
937 1830 1038 1895 dirae?

258 1914 395 1977 Sidonios
417 1925 516 1994 raptus
539 1925 570 1976 et
591 1916 773 1977 inexorabile
795 1926 919 1996 paetum·
1242 1929 1260 1982 5

257 1999 346 2078 Legis
367 1999 544 2076 Agenoreae
566 2010 809 2079 scrutantemque,
823 2018 954 2080 aequora
975 1999 1134 2062 Gedrauml
1181 2032 1185 2041 ·
1238 2038 1241 2045 ·

256 2084 359 2163 Longa
379 2094 459 2144 retro
482 2086 593 2161 series,
614 2085 758 2163 trepidum
779 2087 804 2145 si
826 2085 927 2146 dlartis
948 2086 1046 2163 operti
1084 2124 1087 2133 ·

258 2169 430 2247 Agricolam
451 2169 575 2230 infandis
598 2170 772 2230 condentem
792 2170 907 2248 proelia
928 2169 1027 2230 sulcis-
1084 2166 1093 2185 '
1191 2200 1194 2205 Δ
1237 2204 1239 2208 -

257 2253 421 2334 Expediam
443 2255 619 2333 penitusque
639 2272 766 2334 sequar,
791 2255 995 2334 quo-carmine
1009 2256 1103 2315 muris

257 2339 380 2400 iusserit
396 2339 541 2418 Amphion
564 2339 669 2415 Tyrios
688 2339 835 2400 accedere
854 2348 978 2417 montes,
1224 2353 1259 2406 10

257 2423 343 2485 Unde
364 2443 472 2500 graves
494 2426 555 2485 irae
576 2434 701 2502 cognata
719 2425 748 2485 in
768 2426 885 2486 moenia
905 2424 1035 2503 Baccho,
1278 2440 1283 2447 ’

260 2509 345 2583 Quod
369 2526 476 2569 saevae
500 2508 616 2571 lunonis
636 2527 727 2590 opus,
751 2511 798 2571 cui
818 2511 976 2590 sumpserit
998 2528 1084 2572 arcus

256 2594 365 2656 Infelix
382 2593 536 2672 Athamas,
560 2613 612 2655 our
633 2613 691 2655 non
712 2597 866 2676 expaverit
888 2597 990 2674 ingens

257 2679 370 2740 lonium
393 2681 476 2739 socio
500 2698 603 2742 casura
623 2679 799 2741 Palaemone
820 2689 923 2742 mater.

258 2764 357 2842 Atque
375 2764 450 2823 adeo
472 2766 528 2824 iam
551 2782 626 2825 nuno
645 2767 770 2842 gemitus
792 2774 822 2826 et
841 2782 987 2845 prospera
1007 2762 1116 2825 Cadmi*
1229 2775 1263 2828 ld

258 2849 449 2909 Praeteriisse
473 2849 578 2908 sinam:
602 2849 686 2909 limes
707 2850 776 2909 mihi
799 2850 933 2910 carminis
954 2856 1020 2908 esto

260 2933 430 3012 Oedipodae
453 2933 575 2993 confusa
597 2933 716 3011 domus,
738 2933 852 3012 quando
874 2932 946 2994 Itala
970 2932 1095 2994 nondum
1122 2986 1129 2997 ι

259 3020 347 3095 Signa
369 3036 425 3077 nec
446 3017 575 3077 Arctoos
597 3017 687 3077 ausim
706 3015 828 3097 sperare
849 3016 1021 3097 triumphos,

258 3102 366 3181 Bisque
389 3104 456 3180 ingo
479 3102 629 3178 Rhenum,
650 3102 696 3163 bis
720 3103 854 3164 adactum
875 3103 992 3182 legibus
1011 3102 1127 3178 istrum,

258 3187 297 3247 Et
321 3188 470 3248 coniurato
490 3189 624 3249 deiectos
643 3189 755 3248 uertice
775 3187 888 3267 Dacos,
939 3219 946 3229 ·
1227 3199 1262 3252 20

260 3272 318 3332 Aut
339 3271 460 3334 defensa
483 3275 563 3353 prius
585 3274 635 3333 uix
659 3272 888 3352 pubescentibus
911 3273 992 3334 annis
1201 3348 1208 3355 ,

260 3357 343 3417 Bella
364 3356 452 3417 lovis.
494 3358 612 3437 Tuque,
635 3376 653 3418 o
674 3357 772 3420 Latiae
795 3358 887 3420 decus
906 3358 1002 3421 addite
1024 3357 1130 3435 famae,
1240 3361 1243 3366 '

261 3441 355 3516 Quem
377 3460 452 3504 nova
474 3445 576 3504 maturi
598 3443 771 3504 subeuntem
795 3461 903 3505 exorsa
923 3444 1052 3523 parentis

260 3526 419 3587 Aeternum
443 3527 499 3588 sibi
517 3528 608 3589 Roma
631 3531 727 3608 cupit:
751 3529 822 3589 licet
844 3530 953 3589 arctior
974 3545 1077 3589 omnes

259 3611 356 3673 Limes
379 3621 446 3688 agat
468 3613 587 3690 stellas,
611 3623 641 3674 et
662 3614 802 3694 te-plaga
822 3613 918 3675 lueida
942 3613 1031 3689 coeli,
1224 3624 1259 3677 25

258 3696 410 3758 Pleiadum
428 3695 600 3777 Boreaeque
624 3709 654 3760 et
671 3698 761 3762 hiulci
782 3699 909 3761 fulminis
931 3716 1058 3778 expers,
