3134 4434
645 919 897 1006 lblulltlt.

712 1122 836 1132 *ῆι-...-

341 1227 500 1320 Praesidio
521 1261 633 1329 critica,
655 1260 756 1334 quibus
777 1263 806 1317 in
827 1259 1014 1317 emendandis
1032 1259 1112 1318 Statii
1133 1261 1213 1317 silvis
1230 1264 1274 1318 usi

275 1368 392 1420 sumus,
408 1351 468 1405 lere
484 1347 585 1404 eadem
599 1340 678 1414 sunt,
698 1362 771 1418 quae
790 1347 820 1405 F.
837 1345 964 1403 Handius
980 1348 1155 1403 enumeravit
1170 1347 1198 1401 in
1214 1346 1275 1403 edi-

274 1436 358 1491 tionis
381 1433 556 1506 praefatione
577 1447 606 1503 p.
630 1426 875 1487 XXII—XXVII.
917 1429 1011 1487 Editio
1038 1447 1107 1486 vero
1128 1431 1276 1488 Handiana

275 1509 361 1591 quum
375 1519 448 1573 ultra
463 1531 577 1572 carmen
594 1516 703 1573 tertium
719 1515 783 1571 libri
796 1515 880 1587 primi
894 1530 952 1570 non
963 1531 1118 1587 progressa
1133 1516 1176 1582 sit,
1195 1517 1275 1588 ipsae

277 1603 409 1658 codicum
424 1601 589 1657 collationes
606 1601 641 1656 ab
657 1598 769 1655 llandio
785 1600 918 1655 collectae
939 1599 1020 1656 nobis
1036 1599 1232 1670 inspiciendae
1248 1607 1276 1656 et

278 1685 428 1758 diligenter
448 1685 589 1741 taxandae
611 1688 699 1739 erant.
732 1683 895 1739 Invenimus
917 1684 992 1739 enim
1012 1684 1040 1738 in
1060 1683 1139 1741 libris
1162 1685 1274 1755 scriptis

276 1772 311 1827 ab
327 1768 438 1826 Handio
454 1770 558 1826 relictis
579 1768 715 1824 lectiones
740 1768 807 1823 cod.
823 1766 960 1825 Senensis
976 1766 1014 1823 ad
1036 1767 1189 1823 editionem
1208 1767 1276 1822 Ber·

277 1855 345 1909 natii
361 1855 450 1910 lactas
466 1869 483 1910 a
499 1851 625 1924 Josepho
643 1850 804 1924 scaligero,
822 1851 958 1909 lectiones
974 1851 1058 1907 codd.
1073 1852 1276 1909 Vaticanorum

278 1943 398 2010 quatuor
421 1943 449 1992 et
462 1936 527 1993 cod.
542 1937 641 1993 Vossii
661 1938 791 2008 exemplo
807 1934 957 1993 llandiano
983 1935 1156 2008 adscriptas,
1179 1935 1276 1992 lectio·

278 2038 329 2077 nes
347 2021 414 2078 cod.
429 2020 680 2089 Vratislaviensis,
700 2021 871 2077 Parisiensis
893 2037 920 2075 n.
939 2023 1010 2081 sam
1033 2020 1136 2092 signati
1151 2025 1179 2074 et
1195 2018 1277 2091 Capi·

277 2105 393 2178 lupiani.
431 2101 491 2160 Sed
510 2121 596 2179 quum
615 2120 682 2160 mox
702 2110 768 2177 post
781 2103 884 2159 Handii
902 2105 1003 2162 librum
1018 2105 1047 2160 in
1061 2105 1154 2159 lucem
1169 2103 1277 2158 editum

276 2189 447 2246 Franciscus
464 2190 619 2245 Passovius
641 2190 735 2244 multis
758 2189 897 2259 exemplis
920 2182 971 2262 (cl.
994 2188 1118 2244 libellum
1134 2185 1278 2243 academi-

277 2290 342 2331 cum
361 2274 478 2330 Vratisl.
497 2270 722 2340 MDCCCXVlIl)
746 2273 982 2345 demonstrasset,
1010 2271 1189 2327 collationem
1210 2271 1275 2329 cod.

277 2357 394 2413 Vratisl.
412 2358 441 2412 in
461 2373 543 2413 usum
557 2356 660 2413 Handii
678 2357 781 2412 iactam
802 2371 932 2413 mancam
953 2367 1045 2428 neque
1069 2356 1137 2413 salis
1161 2372 1277 2411 accura-

277 2436 456 2510 tam‘luisse,
478 2443 524 2497 usi
547 2457 645 2497 sumus
660 2455 737 2497 nova
750 2435 901 2496 collatione
916 2439 991 2497 illius
1009 2438 1116 2495 codicis
1131 2455 1149 2495 a
1166 2438 1276 2511 Silligio

278 2525 306 2579 in
332 2527 451 2596 repetita
477 2525 600 2580 editione
624 2522 842 2581 Marklandiana
871 2521 1017 2600 (Dresdae
1042 2520 1277 2590 MDCCCXXVH,

277 2609 368 2681 prael.
382 2607 618 2689 XXI—XXlllll)
633 2607 790 2681 proposita.
829 2607 899 2666 Cod.
914 2609 1085 2666 Parisiensis
1101 2623 1205 2663 novam
1220 2607 1277 2662 col·

278 2692 410 2749 lationem
427 2691 541 2751 exhibet
554 2692 641 2749 editio
656 2692 804 2765 Lemouii,
824 2693 888 2750 Par.
904 2691 1112 2760 muscam,
1135 2706 1192 2762 qua
1206 2707 1277 2746 usus

278 2781 322 2832 est
339 2777 386 2833 Fr.
410 2777 578 2848 Dubnerus,
598 2778 663 2832 Par.
676 2774 941 2834 MDCCCXXXXV.
979 2775 1155 2848 Capilupiani
1169 2773 1277 2831 codicis

279 2860 390 2917 collatio
405 2860 491 2917 modo
506 2860 545 2916 ad
563 2861 689 2934 quintum
703 2861 803 2918 librum
813 2861 942 2932 pertinet.
970 2859 1200 2915 vindobonensis
1212 2858 1276 2914 cod.

279 2945 472 3013 collationem,
500 2961 585 3017 quam
605 2943 691 3000 Mich.
711 2945 819 3001 Kovats
840 2944 965 3016 Martinp
990 2942 1096 3014 publici
1122 2942 1191 2998 iuris
1213 2941 1279 2997 lecit

279 3029 329 3095 (cl.
346 3030 504 3101 fragmenta
521 3029 645 3085 literaria
658 3044 752 3085 rerum
763 3027 989 3100 Hungaricarum
1000 3033 1065 3082 tom.
1077 3026 1109 3083 ΙΙ.
1120 3045 1149 3098 p.
1162 3029 1178 3085 7
1190 3028 1277 3098 sqq.)‚

278 3113 378 3167 iterum
392 3113 579 3185 inspeximus.
608 3113 708 3185 Neque
723 3112 899 3185 negleximus
913 3113 1049 3168 lectiones
1064 3111 1207 3180 codicum,
1231 3110 1279 3182 qui

279 3195 403 3253 diversis
425 3197 585 3256 nominibus
599 3195 677 3266 (cod.
692 3196 760 3252 lust.
776 3196 880 3270 Lipsii‚
901 3197 966 3252 cod.
980 3196 1133 3253 Florentini
1151 3211 1202 3252 seu
1219 3193 1279 3249 Me-

279 3279 389 3351 dicaei‚
403 3279 468 3338 cod.
480 3280 593 3338 loannis
607 3278 729 3354 Rhodii,
750 3279 836 3337 codd.
851 3280 972 3350 Barthii)
987 3281 1113 3339 feruntur
1128 3286 1155 3336 et
1170 3296 1187 3336 a
1202 3283 1279 3335 vete·
1340 3283 1351 3294 ·

279 3363 357 3421 ribus
372 3364 528 3422 editoribus
544 3364 702 3424 laudantur.
732 3365 807 3420 Vide
827 3380 900 3438 quae
925 3364 960 3420 de
981 3365 1026 3421 his
1047 3368 1192 3437 exponunt
1210 3363 1231 3419 l.
1245 3361 1278 3419 F.

279 3445 457 3521 Gronovius,
472 3448 553 3507 diatr.
570 3451 605 3508 ab
615 3447 727 3506 llandio
741 3447 817 3505 edita
826 3465 855 3523 p.
867 3454 902 3510 19
914 3466 966 3522 sq,
977 3447 1173 3515 Marklandus,
1188 3444 1279 3518 prael.

278 3547 346 3604 pag.
369 3533 421 3590 Vll
443 3532 490 3590 ed.
511 3533 619 3607 Sillig.,
645 3531 777 3589 Barthius
804 3534 997 3611 compluribus
1026 3533 1112 3600 locis,
1139 3527 1279 3596 Handius,

278 3617 368 3688 praet.
383 3633 413 3690 p.
431 3616 559 3677 XXVlll.
590 3617 744 3693 Diligenter
766 3617 851 3673 etiam
873 3616 1070 3688 discrepantes
1093 3614 1230 3671 lectiones
1249 3613 1280 3667 ia

1039 3715 1079 3777 Q*
