3134 4434
600 452 801 502 unuunmos
824 453 959 501 L1u.1x.
1222 442 1277 502 191

344 611 432 670 Arma
453 611 559 671 decent
580 608 736 685 humeros,
759 609 930 689 clipeusque
952 609 1074 687 insignis
1094 621 1124 671 et
1146 630 1216 673 auro

281 695 406 755 Lucidus
427 694 539 754 Aoniae
562 693 692 754 caelatur
714 695 827 771 origine
847 697 952 772 gentis.

282 780 397 839 Sidonis
420 779 467 839 hic
488 778 587 839 blandi
607 796 662 858 per
684 779 806 840 candidu
827 789 910 856 terga
930 780 1046 838 iuuenci

280 864 340 924 lam
361 882 466 924 secura
485 865 589 938 muris,
615 865 723 923 teneris
746 865 802 924 iam
822 882 930 925 cornua
952 862 1055 942 palmis
1164 872 1166 877 ’
1228 875 1279 928 333

281 948 347 1008 Non
368 956 463 1025 tenet,
487 949 624 1008 extremis
647 948 776 1009 alludunt
796 966 925 1028 aequora
946 948 1061 1027 plantis.

282 1035 328 1094 lre
351 1042 436 1112 putes
458 1033 557 1111 clipeo
582 1032 745 1112 ductusque
767 1052 871 1094 secare
893 1034 1054 1093 iuvencum.

282 1119 407 1178 Adiuvat
428 1117 502 1178 unda
524 1118 626 1191 fidem,
653 1118 762 1196 pelago
786 1137 842 1179 nec
864 1117 995 1178 discolor
1016 1117 1115 1178 amnis.

347 1202 428 1261 Tunc
450 1202 543 1262 audax
565 1204 674 1281 pariter
693 1203 761 1263 telis
782 1213 812 1263 et
833 1221 908 1263 voce
931 1210 1068 1281 proterva

281 1287 514 1367 Hippomedonta
536 1288 623 1366 petit:
657 1286 741 1347 ‘Non
761 1288 837 1348 lraee
856 1288 1002 1348 foecunda
1020 1303 1135 1346 veneno
1228 1295 1281 1351 340

281 1373 391 1447 Lerna,
419 1390 474 1431 nec
493 1370 647 1431 Herculeis
668 1371 788 1432 haustae
811 1372 995 1452 serpentibus
1014 1370 1117 1431 undae.

283 1459 403 1516 Sacrum
413 1474 539 1532 amnem,
556 1474 686 1531 sacrum,
699 1491 741 1502 —
755 1466 784 1517 et
795 1458 900 1532 miser,
918 1456 1074 1535 experiere
1085 1455 1280 1534 ——deumque

282 1542 410 1601 Altrices
433 1541 571 1619 inrumpis
592 1545 705 1619 aquas!
749 1541 827 1601 Nihil
849 1542 917 1618 ille,
940 1541 993 1600 sed
1014 1539 1075 1600 ibat

284 1625 435 1691 Geminum
458 1627 595 1704 opposuit
616 1625 730 1685 cumulo
752 1644 787 1685 se
809 1627 928 1686 densior
948 1626 1037 1685 amnis

283 1710 477 1789 Tardavitque
498 1728 625 1786 manum,
652 1710 755 1770 vulnus
775 1719 871 1772 tamen
891 1711 941 1770 illa
962 1718 1104 1770 retentum
1228 1721 1279 1774 315

281 1796 420 1871 Pertulit,
445 1805 532 1874 atque
554 1797 665 1855 animae
687 1804 748 1856 tota
770 1797 799 1855 iu
817 1795 978 1875 penetralia
1000 1795 1084 1855 sedit.

281 1880 399 1939 Horruit
421 1880 496 1940 unda
518 1880 618 1956 ueias,
641 1879 732 1940 silvae
753 1880 875 1941 llevistis
897 1889 1048 1958 utraeque,

281 1964 320 2023 Et
341 1967 476 2041 graviora
498 1983 587 2024 cavae
610 1974 767 2025 sonuerunt
788 1984 930 2026 murmura
949 1967 1041 2044 ripae.

282 2048 404 2109 Ultimus
426 2050 476 2110 ille
498 2066 587 2108 sonus
608 2048 779 2109 moribundo
802 2052 919 2110 emersit
940 2049 976 2108 ab
998 2066 1062 2123 ore,

284 2133 424 2194 tlllaterl'
448 2136 476 2193 in
498 2133 571 2193 haue
591 2135 689 2193 miseri
711 2134 880 2195 ceciderunt
901 2134 1015 2194 flumina
1036 2150 1149 2192 vocem.
1229 2142 1280 2195 350

346 2218 385 2278 At
406 2219 541 2296 genetrix
562 2227 648 2278 coetu
668 2217 836 2295 glaucarum
858 2220 951 2280 cineta
973 2234 1105 2277 sororum

283 2304 416 2363 Protinus
435 2306 492 2364 icta
511 2302 605 2379 malo,
626 2304 719 2363 vitree
741 2302 778 2362 de
800 2304 877 2364 valle
902 2303 1006 2369 solutis

283 2387 384 2448 Exiliit
403 2387 554 2448 furibunda
574 2388 680 2464 comis,
704 2406 739 2448 ac
759 2387 885 2448 verbere
908 2387 1013 2449 crebro

284 2472 400 2553 Oraque
426 2462 605 2552 pectdraque
628 2481 658 2532 et
677 2472 797 2533 viridem
819 2473 904 2533 scidit
925 2472 1041 2533 horrida
1062 2481 1184 2531 vestem.

284 2558 379 2636 thue
401 2559 495 2638 erupit
516 2560 597 2637 aquis
619 2559 780 2638 iterumque
802 2559 964 2638 iterumque
986 2559 1119 2618 trementi
1228 2567 1279 2621 355

283 2642 442 2720 Ingeminat
463 2641 634 2704 ‘Crenaee'
657 2661 748 2711 sono;
774 2662 913 2723 nusquam
935 2643 1002 2718 ille,
1025 2643 1077 2702 sed
1099 2641 1188 2703 index

283 2727 436 2806 Desuper,
459 2727 495 2787 ah
516 2730 640 2788 miserae
660 2729 774 2788 nimium
795 2729 943 2789 noscenda
963 2729 1076 2806 parenti

283 2812 384 2871 Parma
405 2821 499 2881 natat;
521 2813 597 2872 iacet
618 2814 683 2890 ipse
704 2813 825 2891 procul,
848 2831 904 2890 qua
922 2813 1010 2872 mixtu
1031 2830 1195 2890 supremum

283 2895 419 2955 lsmenon
439 2896 523 2975 primi
544 2905 652 2956 mutant
672 2897 795 2956 confinia
816 2898 906 2975 ponti.

283 2979 481 3057 Fluctiragam
502 2981 544 3040 sie
565 2997 655 3059 saepe
678 2980 792 3040 domum
812 2980 1000 3059 madidosque
1019 2989 1139 3059 penates
1230 2992 1282 3046 360

285 3064 435 3141 Halcyone
457 3065 573 3124 deserta
595 3066 700 3142 gemit,
724 3083 809 3144 quum
832 3067 955 3145 pignora
978 3083 1083 3125 saevus

284 3149 394 3210 Auster
416 3159 445 3210 et
463 3149 596 3226 algentes
617 3151 711 3229 rupuit
733 3149 833 3210 Thetis
854 3150 948 3211 invida
970 3150 1064 3211 nidos.

349 3234 489 3313 Mergitur
511 3234 583 3294 orba
605 3236 724 3311 iterum,
747 3237 919 3314 penitusque
942 3235 1058 3295 occulta
1079 3235 1132 3296 sub
1154 3236 1237 3296 undis

284 3320 385 3380 Limite
407 3337 560 3396 morrono,
583 3319 720 3397 liquidum
742 3339 798 3399 qua
819 3320 920 3380 subter
940 3320 1019 3380 eunti

284 3404 376 3464 Lucet
397 3406 467 3480 iter,
488 3405 586 3465 miseri
606 3405 798 3483 nequicquam
819 3405 920 3465 lunera
940 3405 999 3465 uati
1227 3415 1279 3470 365

284 3490 420 3566 vestigat
439 3490 607 3569 plangitque
627 3499 736 3557 temen:
761 3508 853 3570 saepe
874 3488 1007 3571 horridus
1027 3490 1117 3551 amuis

285 3573 404 3650 Obstat,
428 3583 457 3634 et
478 3573 605 3635 obducto
629 3575 754 3652 caligant
774 3575 913 3653 sunguine
934 3575 1024 3635 visus.

284 3659 336 3718 llla
356 3668 450 3719 tamen
471 3677 617 3738 praeceps
638 3661 667 3719 in
688 3659 747 3720 tela
769 3659 889 3720 oliendit
909 3669 939 3720 et
962 3678 1060 3736 enses,

287 3746 495 3823 Scrutaturque
517 3762 600 3805 manu
620 3745 722 3824 galeas
744 3755 773 3806 et
796 3761 890 3828 prona
906 3744 1036 3806 reclinat
