3134 4434
313 430 373 495 132
640 449 672 498 n.
699 449 835 500 annuum
853 450 970 502 snsnn

310 604 435 680 Discus,
457 621 514 664 uec
534 601 620 667 dubia
640 606 774 670 iunctave
794 607 966 670 Menesthea
987 608 1097 672 uictum

311 687 474 749 Transabiit
494 699 585 760 meta;
608 690 698 770 longe
719 711 809 773 super
829 694 941 755 aemula
963 694 1045 771 signa

311 774 452 836 Consedit
470 776 637 856 viridesque
659 776 795 839 humeros
816 788 847 839 et
864 794 958 858 opaca
979 779 1087 840 theatri

310 858 458 937 Culmina,
478 879 532 921 ceu
554 860 631 922 latae
650 863 815 924 tremefecit
833 863 911 924 mole
933 863 1044 924 ruinae.
1275 879 1325 934 715

310 943 404 1019 Quale
423 945 591 1026 vaporifera
611 964 712 1006 saxum
733 946 928 1028 Polyphemus
949 947 986 1008 ab
1004 946 1100 1009 Aetna

308 1029 395 1091 lucis
417 1039 523 1108 egente
540 1048 642 1107 manu,
665 1033 810 1093 tamenin
830 1033 955 1110 vestigia
979 1033 1087 1112 puppis

308 1114 432 1176 Auditae
454 1117 591 1195 iuxtaque
613 1116 755 1176 inimicum
774 1118 875 1195 exegit
895 1117 1011 1185 Ulixen.

310 1200 372 1279 [Sic
391 1208 421 1261 et
440 1198 584 1276 Aloidae,
608 1218 694 1280 quum
715 1201 772 1262 iam
793 1201 905 1263 celaret
926 1200 1077 1281 Olympum

307 1284 445 1365 Desuper
466 1284 541 1347 Ossa
560 1287 678 1364 rigens,
700 1286 794 1365 ipsum
814 1285 941 1365 glaciale
956 1285 1090 1347 ferebant
1269 1300 1321 1358 720

309 1368 411 1431 Pelion
432 1368 597 1449 et'trepido
619 1370 778 1450 sperabant
797 1371 921 1450 iungere
942 1371 1054 1450 coelo}

372 1454 452 1516 Tunc
473 1455 588 1534 genitus
609 1454 701 1517 'l'alao
722 1456 828 1516 victori
849 1456 936 1535 tigrin
956 1457 1069 1516 inanem

308 1538 356 1601 lre
379 1540 477 1617 iubet,
500 1539 590 1601 fuluo
605 1557 680 1620 quae
702 1540 875 1601 circumfusa
896 1540 1006 1602 nitebat

306 1625 438 1704 Margine
456 1633 486 1684 et
506 1633 654 1685 extremos
676 1641 747 1685 auro
764 1635 968 1686 mansueverat
988 1641 1111 1703 ungues.

308 1708 485 1771 Cnossiacos
506 1726 592 1770 arcus
612 1708 701 1770 habet
723 1718 846 1788 straga
868 1710 927 1771 tela
949 1709 1149 1771 Menestheus.
1264 1721 1315 1776 775

308 1794 364 1856 ‘At
384 1794 452 1870 tibi,
475 1793 530 1871 ait,
553 1793 699 1872 Phlegra,
721 1812 790 1855 casu
813 1795 949 1856 mosmale
972 1795 1099 1871 sinistro,

306 1878 389 1940 llunc
411 1878 555 1959 quondam
571 1878 663 1938 nostri
680 1879 771 1939 decus
793 1878 989 1959 auxiliumque
1009 1877 1139 1957 Pelasgi,

306 1961 398 2025 Ferre
417 1964 532 2040 damus,
551 1980 648 2043 neque
670 1964 747 2024 enim
766 1963 970 2044 Hippomedon
987 1963 1141 2041 inviderit,
1167 1983 1283 2030 ensem.

305 2047 390 2110 Nunc
411 2064 485 2128 opus
505 2056 551 2109 est
572 2049 673 2109 animis
689 2048 813 2109 infestos
834 2049 943 2109 tollere
964 2057 1081 2130 caestus

307 2132 459 2195 Cominus:
481 2133 556 2195 haec
577 2133 665 2194 bellis
687 2143 716 2194 et
736 2134 818 2194 ferro
841 2134 972 2213 proxima
994 2133 1109 2193 uirtus.2
1261 2147 1314 2206 7³0

369 2216 504 2280 Constitit
523 2219 644 2285 inmanis
665 2220 746 2280 cerni
767 2219 945 2298 inmaniaque
968 2216 1042 2279 tueri

304 2303 463 2383 Argolicus
484 2300 655 2382 Capaneus,
678 2322 713 2365 ac
732 2303 799 2364 dum
818 2305 963 2382 nigrantia·
977 2301 1096 2383 plumbo

305 2386 445 2467 'iegmina
466 2387 554 2449 cruda
575 2387 662 2448 boum
681 2404 739 2449 nou
760 2388 877 2450 mollior
897 2389 962 2468 ipse
986 2387 1106 2449 lacertis

304 2473 447 2534 luduitur:
469 2472 562 2533 ‘Date
582 2481 626 2534 tot
647 2473 781 2534 iuvenum
803 2472 840 2534 de
861 2473 987 2535 millibus
1009 2490 1094 2532 unum

303 2556 383 2636 Huc,
406 2558 461 2635 ait,
484 2565 572 2637 atque
593 2557 699 2618 utinam
721 2558 819 2637 potius
839 2557 876 2619 de
899 2559 991 2638 stirpe
1011 2558 1127 2618 veniret
1257 2569 1309 2627 735

303 2641 445 2703 Aemulus
464 2641 576 2718 Aonia,
597 2658 682 2721 quem
702 2641 746 2703 ias
766 2641 918 2704 demittere
938 2642 1011 2720 leto,

302 2724 368 2788 Nec
387 2745 452 2788 mea
476 2726 604 2788 crudelis
622 2727 701 2787 civili
723 2728 865 2805 sanguiue
886 2729 1002 2788 uirtus?

304 2809 492 2892 Obstupuere
513 2812 613 2889 animi,
636 2811 766 2892 iecitque
787 2812 902 2873 silentia
924 2822 1031 2874 terror.

363 2896 490 2958 Tandem
510 2898 674 2978 insperatus
694 2897 769 2959 nuda
791 2897 827 2958 de
851 2897 939 2976 plebe
960 2896 1106 2959 laconum

302 2980 420 3042 Prosilit
441 2981 623 3059 Alcidamas,
640 2982 778 3043 mirantur
799 2978 908 3043 Dorica
928 2998 1031 3060 regum
1253 2994 1308 3054 740

302 3065 443 3144 Agmina3
466 3066 521 3129 sed
541 3068 615 3128 socii
636 3066 740 3128 fretum
759 3066 881 3128 Polluce
895 3068 1042 3146 magistro

301 3149 414 3213 Norant
436 3159 466 3212 et
484 3168 583 3213 sacras
600 3153 677 3212 inter
697 3152 830 3214 crevisse
853 3151 1027 3233 palaestras.

301 3233 371 3314 lpse
392 3236 464 3298 deus
486 3238 643 3317 posuitque
662 3254 762 3297 manus
784 3246 813 3298 et
833 3235 952 3298 brachia
973 3236 1055 3298 linxit

302 3318 451 3382 Materiam
473 3355 515 3366 -
536 3319 676 3382 suadebat
696 3338 778 3382 amor
796 3343 851 3382 -:
872 3330 941 3382 tuuc
962 3339 1054 3402 saepe
1077 3321 1187 3384 locauit

304 3403 457 3483 Cominus,
479 3414 510 3465 et
530 3405 614 3466 simili
634 3415 757 3467 stantem
777 3407 897 3468 miratus
919 3409 1008 3468 inira
1253 3419 1307 3476 745

303 3491 424 3552 Sustulit
443 3489 576 3551 exultans
597 3491 760 3571 nudumque
782 3491 818 3552 ad
837 3501 960 3571 pectora
981 3492 1098 3572 pressit.

365 3575 449 3635 lllum
469 3575 632 3654 indignatur
655 3573 810 3656 Capaneus
827 3575 960 3656 ridetque
981 3585 1135 3639 vocantem

303 3657 341 3720 Ut
362 3661 520 3737 miserans,
542 3661 697 3741 poscitque
717 3661 818 3738 alium,
838 3662 1011 3742 tandemque
1034 3671 1156 3723 coactus
1189 3719 1195 3731 ,

294 3741 432 3824 Restitit,
459 3753 491 3807 et
509 3745 635 3809 stimulis
655 3747 712 3810 iam
733 3745 871 3828 languida
891 3746 972 3810 colla
989 3756 1162 3808 tumescunt.
