3134 4434
503 895 550 979 P.
578 895 790 983 PAPINII
820 894 1002 983 STATII

333 1058 1172 1233 numantinos

563 1250 943 1329 uranum.

650 1465 858 1482 nun—q—-n-

325 1557 461 1686 Tertius
478 1608 643 1671 horrentem
663 1609 807 1690 Zephyris
829 1609 979 1673 laxaverat
1001 1628 1104 1671 annum

253 1695 406 1771 Phoebus,
430 1704 460 1756 et
482 1704 635 1773 angustum
655 1694 785 1773 augebat
806 1695 895 1756 limite
917 1713 1023 1756 verno.

252 1780 380 1859 Longius
401 1780 445 1841 ire
468 1779 559 1858 diem,
582 1798 668 1860 quum
683 1780 776 1841 fracta
798 1780 970 1861 inpulsaque
993 1781 1060 1844 latis

254 1864 384 1926 Consilia
404 1874 433 1925 et
453 1864 568 1925 tandem
585 1866 700 1926 miseris
722 1864 788 1926 data
807 1867 893 1945 eopia
910 1864 992 1926 belli.

253 1951 347 2012 Prima
369 1968 454 2010 manu
472 1949 587 2011 rutilam
610 1949 646 2010 de
667 1951 782 2010 vertioe¹
802 1949 956 2011 larissaeo

254 2033 388 2096 Ostendit
408 2033 531 2094 Bellona
552 2034 665 2111 leuem,
688 2034 849 2114 dextraque
869 2033 1011 2094 trabalem

253 2118 371 2181 Hastam
393 2119 508 2178 intorsit
529 2136 638 2197 agens,
660 2117 768 2198 liquido
790 2136 865 2197 quaa
887 2117 1008 2179 stridula
1029 2118 1116 2179 coelo

252 2203 339 2283 Fugit
361 2212 390 2263 et
410 2203 523 2263 Aoniae
543 2203 627 2265 celso
649 2204 730 2264 stetit
749 2220 860 2281 aggere
882 2202 998 2263 Diroes.

318 2288 387 2348 llox
410 2297 439 2348 et
462 2297 557 2349 eastra
578 2286 672 2365 subit,
692 2286 834 2367 lerroqoe
855 2305 986 2367 auroque
1006 2288 1140 2349 eornsois

253 2372 342 2435 llirta
366 2374 436 2433 viris
458 2373 580 2434 turmale
601 2371 713 2443 fremit3
735 2370 783 2434 dat
806 2371 938 2434 euntibus
960 2389 1059 2449 enses,
1219 2389 1253 2441 10

252 2458 366 2520 Plaudit
387 2474 498 2537 equos,
520 2465 608 2519 vocat
628 2457 665 2518 ad
683 2468 799 2538 portas;
821 2458 981 2521 hortamina
1000 2458 1094 2520 iortes

251 2544 458 2620 Praeveniunt‚
480 2543 642 2622 timidisque
665 2544 749 2604 etiam
770 2542 868 2604 brevis
889 2543 987 2606 addita
1004 2543 1106 2606 virtus.

316 2627 401 2688 Dicta
420 2627 482 2688 dies
503 2628 613 2689 aderat.
642 2626 726 2690 cadit
747 2628 851 2707 ingens
872 2629 927 2690 rite
952 2627 1075 2691 Tonanti

253 2712 437 2791 Gradivoque
460 2730 567 2791 pecus,
589 2712 735 2791 nullisque
753 2713 898 2775 seoundus
915 2713 944 2773 in
965 2713 1041 2774 entis

252 2796 345 2859 Pallet
367 2805 397 2857 et
417 2797 534 2856 armatis
556 2796 670 2856 simulat
686 2797 808 2875 sperare
827 2797 978 2861 sacerdos.
1217 2809 1252 2862 lt>

251 2882 372 2959 lamque
392 2896 461 2940 suos
482 2880 590 2940 oiroum
611 2881 695 2958 pueri
715 2890 881 2960 nuptaeque
902 2889 1062 2959 patresque

253 2965 420 3028 Funduntur
440 2964 536 3040 mixti,
559 2963 735 3043 summisque
756 2981 774 3025 a
796 2964 930 3044 postibus
952 2964 1077 3025 obstant.

253 3049 318 3111 Neo
339 3049 442 3110 modus
465 3057 509 3109 est
529 3048 672 3109 lacrimis:
694 3057 793 3109 rorant
815 3049 963 3130 olipeique
982 3048 1126 3129 iubaeque

254 3135 349 3196 Triste
372 3135 561 3211 salutantum,
583 3142 613 3194 et
636 3134 747 3193 eunetis
766 3132 915 3214 dependet
931 3133 968 3195 alt
991 3135 1078 3196 armis

254 3219 432 3300 Suspiranda
453 3219 568 3288 domus;
590 3218 684 3296 galeis
705 3218 784 3279 iuvat
798 3217 908 3280 osoula
931 3219 1040 3282 olausis
1214 3230 1252 3285 20

252 3306 388 3367 luserere
410 3304 605 3384 amplexuque
625 3312 725 3364 truoes
744 3303 893 3367 dednoare
915 3321 1018 3366 tonos.

253 3390 316 3467 llli,
337 3390 401 3468 quis
419 3388 527 3450 ferrum
547 3388 651 3465 modo,
676 3389 740 3466 quis
762 3405 842 3450 mors
862 3389 926 3470 ipsa
945 3388 1093 3469 placebat,
1163 3415 1170 3437 ι

252 3475 328 3536 Dant
352 3476 476 3553 gemitus
497 3473 668 3553 fractaeque
690 3473 788 3541 labant
809 3473 989 3553 singultibus·
1002 3476 1073 3537 irae.

297 3560 346 3620 Siu
368 3559 416 3620 ubi
437 3558 514 3619 lorte
535 3559 606 3618 viris
628 3559 747 3637 longum
768 3576 859 3639 super
877 3575 990 3640 aequor
1008 3560 1101 3636 ituris,

253 3643 347 3718 Quum
370 3645 425 3704 iam
447 3642 484 3704 ad
505 3642 572 3704 vela
589 3641 657 3704 Noti
679 3653 710 3704 et
728 3644 824 3704 scisso
844 3644 921 3706 redit
942 3644 1055 3705 audura
1069 3643 1181 3714 tusus„
1214 3653 1261 3700 urs

252 3728 361 3790 llaeret
383 3729 473 3790 amioa
494 3745 610 3790 manus:
632 3737 746 3792 uertant
762 3731 926 3793 innantere
946 3728 1033 3791 eollo
1101 3787 1105 3792 .
