3134 4434
574 491 774 543 nuncnunc
794 491 863 542 unt.
883 492 930 542 vt.
1199 481 1258 544 137

265 648 392 710 Tandem
414 657 517 729 pectus
539 647 617 710 humi
638 665 817 729 pronamque
839 657 979 710 extensas
996 647 1025 710 in
1044 651 1139 712 alnum

264 734 421 811 Sternitur,
445 752 480 795 ac
500 734 590 811 longo
611 742 741 795 moestus
762 742 830 813 post
851 744 984 814 tempore
1001 736 1103 815 surgit,

265 818 372 898 Turpia
396 820 508 896 signata
530 818 664 898 linquens
684 818 810 897 vestigia
828 828 917 880 terra.

326 903 452 964 Palmam
474 912 569 964 autern
591 905 695 965 dextra
716 902 860 984 laevaque
881 903 1001 965 nitentia
1018 903 1095 965 dono
1166 938 1172 949 .
1206 914 1257 972 905

263 988 352 1048 Arma
373 989 474 1048 lenens
495 987 627 1064 Tydeus:
650 986 746 1062 ‘Quid
767 989 793 1049 si
813 1006 871 1049 non
891 988 1038 1068 sanguinis
1059 987 1142 1050 buius

263 1072 377 1134 Partem
399 1072 474 1133 baud
497 1073 646 1152 exiguam,
669 1073 765 1149 scitis,
786 1071 931 1136 Dircaeus
950 1071 1075 1140 baberet

263 1153 411 1237 Campus?
432 1154 481 1217 ubi
500 1156 556 1219 bae
579 1175 673 1237 nuper
694 1155 859 1219 Thebarum
880 1158 1003 1220 foedera
1022 1155 1162 1238 plagae‘l’

260 1239 343 1302 Haec
366 1241 449 1302 simul
468 1251 617 1303 ostentans
636 1241 826 1321 quaesitaque
845 1243 973 1324 praemia
995 1243 1110 1304 landum

261 1325 319 1386 Dat
338 1326 443 1403 sociis,
467 1329 597 1407 sequitur
617 1325 782 1404 neglectus
794 1326 921 1406 Agyllea
941 1326 1055 1389 thorax.
1209 1340 1262 1396 910

326 1410 399 1471 Sunt
417 1419 448 1471 et
469 1412 518 1491 qui
536 1411 613 1471 nudo
636 1410 759 1471 subeant
781 1429 958 1473 concurrere
979 1412 1070 1473 ferro.

261 1495 380 1575 lamque
400 1494 518 1557 aderant
536 1496 667 1556 instructi
685 1495 772 1557 armis
794 1495 967 1576 Epidaurins
987 1497 1014 1558 Α
1053 1515 1105 1558 eus

260 1578 300 1640 Et
320 1579 445 1640 nondum
466 1580 532 1641 fatis
554 1579 696 1641 Dircaeus
714 1578 868 1658 agentibus
892 1572 971 1643 exul.

260 1663 328 1726 Dux
349 1673 430 1725 vetat
451 1663 580 1726 Iasides:
602 1663 718 1725 ‘Manet
737 1666 840 1744 ingens
862 1667 948 1745 copia
970 1665 1033 1742 leti,

262 1748 286 1809 0
310 1749 446 1810 iuvenes!
469 1757 586 1809 servate
607 1749 717 1811 animos
740 1750 911 1830 avidumque
932 1750 1061 1812 intorem
1208 1764 1260 1820 915

260 1835 415 1912 Sanguinis
439 1834 566 1895 adversi.
612 1834 715 1914 Tuque
740 1850 775 1912 o,
799 1852 885 1915 quem
905 1844 1028 1917 propter
1049 1837 1124 1900 avita

260 1916 384 1997 iugera,
407 1917 530 1980 dilectas
549 1919 596 1979 cni
617 1918 812 1980 desolavimus
833 1919 933 1999 urbes,

259 2001 322 2081 Ne,
344 2018 468 2082 precor,
490 2012 557 2063 ante
578 2005 688 2080 aciem,
708 2004 753 2064 ias
774 2012 883 2065 tantum
905 2004 1021 2066 casibus
1042 2009 1122 2082 esse,

259 2085 466 2165 Fraternisque
489 2088 585 2165 sinas,
607 2087 725 2165 abigant
746 2087 804 2149 hoc
822 2088 952 2151 numina!
975 2089 1076 2150 votis?

323 2172 374 2233 Sic
395 2173 452 2249 ait,
473 2180 561 2251 atque
583 2170 686 2233 ambos
705 2181 804 2234 aurata
825 2173 942 2235 casside
961 2173 1042 2234 ditat.
1206 2184 1258 2241 999

260 2255 342 2317 Tunc
361 2273 492 2334 genero,
515 2274 551 2316 ue
573 2255 667 2317 laudis
689 2274 799 2335 egens,
820 2257 902 2318 iubet
920 2258 1009 2319 ardua
1032 2259 1111 2321 necti

260 2339 406 2422 Tempora
427 2340 649 2420 Thebarumque
667 2342 777 2419 ingenti
794 2357 872 2402 voce
897 2343 979 2404 citari

258 2425 418 2486 Victorem.
459 2425 549 2487 Dirae
571 2424 735 2488 retinebant
756 2427 850 2488 omina
868 2427 990 2489 Parcae.

322 2509 420 2591 ipsum
441 2511 526 2572 etiam
546 2511 667 2591 proprio
683 2509 841 2574 certamina
858 2511 934 2574 festa
952 2509 1056 2574 labore

258 2594 380 2673 Dignari
402 2604 431 2656 et
451 2595 560 2656 tumulo
583 2614 749 2675 supremum
769 2595 845 2658 bunc
866 2597 977 2659 addere
995 2596 1148 2675 bonorem,
1205 2607 1257 2664 925

258 2679 416 2741 llortantur
436 2697 594 2759 proceres:
617 2699 669 2759 ac,
690 2699 729 2743 nc
748 2683 871 2744 victoria
893 2682 969 2744 desit

258 2764 322 2824 Una
344 2765 604 2842 dacumunmcro,
628 2764 729 2827 fundat
745 2765 796 2827 vel
818 2765 906 2842 Lycia
927 2783 1018 2828 cornu

258 2846 332 2909 Tela
350 2856 471 2925 rogant,
492 2850 571 2908 tenni
592 2848 641 2909 vel
661 2849 760 2910 nubila
780 2859 909 2912 trauseat
928 2850 1021 2911 basta.

323 2931 500 3010 Obsequitur
520 2931 666 3010 gaudens,
687 2932 831 3013 viridique
853 2951 892 2994 ex
912 2951 1024 3013 aggere
1042 2934 1071 2994 in
1091 2952 1214 3016 aequum

258 3017 387 3096 Stipatus
406 3015 522 3076 summis
543 3017 676 3076 iuvenum
698 3016 863 3087 descendit;
887 3018 978 3079 atilli
1204 3029 1257 3086 930

257 3101 338 3162 Pone
361 3101 445 3161 leves
466 3108 563 3179 portat
584 3100 737 3180 pharetras
760 3110 791 3162 et
812 3118 921 3165 cornua
942 3103 1038 3164 iussas

256 3185 409 3263 Armiger,
431 3185 578 3263 ingentem
600 3187 677 3246 iactu
695 3188 889 3249 transmittere
911 3189 1020 3250 circum

255 3268 376 3332 Eminus
398 3279 427 3331 et
449 3270 544 3331 dictae
566 3269 636 3331 dare
653 3271 775 3331 vulnera
796 3270 921 3334 destinat
942 3288 1026 3334 orno.

322 3352 394 3428 Quis
412 3354 505 3416 fluere
526 3354 650 3416 occultis
669 3374 767 3416 rerum
788 3366 879 3435 neget
898 3359 993 3419 omina
1016 3357 1134 3421 causis?

255 3437 328 3500 Fata
351 3448 451 3517 patent
470 3439 595 3517 homini,
618 3440 700 3519 piget
721 3441 883 3519 inservare,
907 3443 1041 3523 peritque
1203 3454 1254 3510 935

255 3523 378 3584 Venturi
399 3525 541 3604 promissa
563 3524 652 3586 lidos:
675 3526 719 3586 sic
739 3527 834 3588 omina
856 3543 955 3588 casum

256 3606 407 3686 Fecimus,
431 3618 460 3669 et
481 3610 559 3668 vires
580 3610 660 3670 auxit
679 3608 807 3672 Fortuna
826 3612 962 3673 nocendi.
1074 3668 1077 3672 ,

319 3690 457 3773 Campum
477 3711 595 3755 emensa
615 3693 699 3755 brevi
718 3695 816 3756 fatalis
836 3694 874 3756 ab
897 3695 1006 3758 arbore
1025 3707 1124 3770 tactu„

255 3774 435 3839 Horrendum
456 3779 535 3860 risu,
554 3795 611 3861 per
632 3797 708 3864 quas
727 3780 823 3845 modo
838 3780 967 3863 ingerat
983 3789 1103 3870 amaea
