3134 4434
565 453 764 504 nnncnmos
787 453 858 503 ΜΒ.
879 454 926 501 vn
1198 439 1257 503 129

264 612 331 673 Nou
351 611 436 673 aliter
456 608 572 672 celeres
592 610 727 686 Hyrcana
748 628 804 690 per
824 610 888 675 avia
909 610 1002 687 cerri,

265 698 359 771 Ouum
378 695 482 776 procul
502 696 608 777 inpasti
630 695 773 756 fremitum
794 712 940 775 accepere
960 694 1066 770 leonis,

264 784 334 842 Sive
356 789 471 860 putant,
494 781 570 860 rapit
590 781 728 843 attonitos
749 779 819 858 fugo
842 797 931 843 caeca
952 788 1115 859 metusque·
1206 787 1258 842 600

264 864 448 943 Congregat,
472 875 502 927 et
519 865 636 944 longum
657 865 724 927 dant
745 881 854 926 cornua
874 865 963 926 mixta
983 862 1139 942 fragorem,

327 949 435 1028 Effugit
456 949 504 1011 hic
525 950 628 1011 oculos
645 949 747 1030 rapida
766 967 840 1028 puer
862 949 944 1010 ocior
965 965 1035 1010 aura

262 1035 437 1110 Maenalius,
459 1053 545 1114 quem
567 1033 672 1096 deinde
693 1033 785 1113 gradu
806 1035 911 1114 promit
930 1032 1065 1094 horridus
1087 1029 1152 1092 Idas
1266 1088 1269 1093 .

260 1119 444 1200 Inspiratque
464 1119 604 1196 humero,
626 1118 754 1199 flatuque
775 1129 806 1180 et
822 1119 953 1199 pectoris
973 1116 1074 1177 umbro

263 1204 360 1282 Terga
382 1206 494 1283 premit.
535 1204 606 1265 Post
625 1203 760 1282 ambiguo
783 1203 947 1266 discrimine
969 1202 1089 1263 tendunt
1206 1209 1258 1264 605

261 1288 434 1350 Phaedimus
457 1297 543 1368 atque
565 1288 691 1366 Dymas,
714 1288 772 1350 illis
794 1287 877 1350 celer
898 1287 1014 1349 inminet
1034 1285 1140 1347 Alcon.

326 1371 432 1432 Flavus
452 1373 488 1434 ab
507 1375 621 1435 intonso
643 1373 793 1451 pendebat
812 1371 926 1434 vertice
948 1371 1035 1433 crinis

263 1457 413 1525 Arcados:
433 1457 491 1518 hoc
512 1458 610 1537 primis
633 1456 748 1518 Triviae
771 1454 912 1537 pascebat
933 1455 970 1518 eb
994 1456 1074 1517 aunis
1121 1483 1135 1515 t

262 1542 376 1619 Munus,
396 1551 425 1603 et
445 1540 561 1621 Ogygio
581 1542 677 1604 victor
698 1561 762 1602 curn
780 1540 874 1603 bburte
892 1541 1030 1618 redisset,

261 1625 462 1707 Nequidquam
481 1627 582 1707 patriis
604 1626 698 1688 audax
720 1627 895 1706 promiserat
915 1626 983 1686 nris.
1208 1633 1272 1689 610,

262 1712 344 1771 Tunc
366 1711 442 1772 liber
463 1730 540 1772 nexu
562 1711 680 1791 lateque
701 1712 730 1772 in
752 1721 835 1789 terge
858 1710 970 1772 solutus

262 1795 393 1856 Occursu
416 1795 544 1876 Zephyri
565 1805 645 1857 retro
663 1795 754 1875 fugit,
776 1805 807 1858 et
830 1795 917 1856 simul
936 1795 1031 1874 ipsum

261 1880 375 1960 lnpedit
395 1880 561 1960 infestoque
579 1881 682 1942 volans
704 1879 869 1942 obtenditur
891 1878 970 1941 ldae.

261 1965 331 2026 lude
354 1965 450 2027 dolum
473 1966 584 2027 iuvenis
605 1964 757 2045 fraudique
779 1964 969 2027 accommoda
989 1965 1081 2026 sensit

261 2050 423 2129 Tempora;
443 2051 498 2111 iam
517 2050 603 2112 finem
624 2051 721 2128 iuxta,
743 2051 811 2112 dnm
830 2049 927 2110 limine
948 2049 1041 2109 victor
1207 2057 1272 2112 615:

260 2134 497 2214 Parthenopaeus
516 2136 583 2211 init,
606 2144 744 2214 correpto
767 2134 848 2195 crine
871 2133 1021 2194 reductum

262 2217 410 2298 Occupat,
435 2228 464 2279 et
482 2218 589 2297 longae
610 2219 718 2299 primus
736 2218 806 2280 ferit
828 2219 902 2279 ostia
923 2226 1037 2296 portae.

320 2302 454 2365 Arcades
474 2322 552 2365 arma
569 2303 710 2380 fremunt,
733 2303 819 2364 ermis
840 2301 1002 2363 defendere
1023 2319 1136 2380 regem,

261 2387 297 2448 Ni
317 2398 429 2468 raptum
451 2389 542 2450 decus
565 2397 594 2450 et
615 2388 709 2449 meriti
730 2387 887 2449 reddantur
911 2387 1051 2464 honores,

261 2465 461 2550 Conteudunt,
483 2483 606 2554 totoque
627 2482 729 2554 perant
750 2471 898 2534 decedere
917 2473 1008 2533 circo.
1207 2479 1272 2535 oto.

260 2561 332 2618 Sunt
355 2559 468 2637 etquis
489 2558 558 2620 Idae
580 2558 699 2638 placeat
720 2557 820 2627 dolus;
845 2558 910 2636 ipse
931 2566 1052 2636 regesta

259 2642 499 2723 Parthenopaeus
520 2643 607 2704 humo
629 2643 798 2723 vultumque
820 2642 983 2722 oculosque
1001 2641 1153 2703 medentes

261 2727 380 2805 Obruit,
403 2729 529 2789 accessit
548 2728 729 2790 lacrimarum
748 2727 843 2807 gratia
863 2727 984 2788 formae.

259 2812 384 2873 Pectora
405 2830 480 2872 nunc
499 2830 651 2890 moerens,
673 2830 749 2872 nunc
767 2829 819 2872 ora
834 2811 951 2888 indigua
971 2820 1091 2872 cruento

260 2895 364 2972 Ungue
385 2905 467 2956 secat
487 2897 677 2976 meritamque
699 2913 822 2972 comam,
844 2894 913 2955 furit
931 2895 1057 2973 undique
1079 2893 1189 2955 clamor
1206 2903 1259 2958 625

259 2980 421 3057 Dissonus,
444 2980 667 3060 ambiguumque
690 2980 769 3041 senis
788 2987 938 3040 cunctetur
956 2976 1073 3039 hdrasti

263 3064 431 3124 Consilium.
477 3063 605 3125 Tandem
624 3066 690 3144 ipse
709 3062 817 3125 refert:
835 3061 1043 3142 “Compescite
1061 3062 1152 3140 litem,

260 3148 284 3208 O
308 3149 407 3229 pueri!
431 3149 522 3210 virtus
540 3149 644 3210 iterum
666 3147 847 3227 temptando;
869 3147 924 3209 sed
941 3149 982 3209 ite

259 3234 359 3294 Limite
382 3252 440 3294 non
462 3251 537 3313 uno,
561 3234 636 3295 latus
656 3234 714 3295 hoc
739 3233 910 3295 conceditur
928 3231 1009 3310 ldae,

260 3318 302 3378 Tu
324 3318 440 3380 diversa
461 3328 546 3396 tene,
565 3318 646 3380 frans
666 3318 799 3380 cursibus
819 3319 911 3379 omnis
929 3317 1056 3379 abesto!
1205 3326 1258 3381 630

323 3402 499 3481 hodierant,
522 3405 661 3483 dictoque
681 3412 807 3465 manent.
845 3401 916 3464 bion
934 3398 1048 3464 numine
1068 3403 1195 3482 supplex
1211 3444 1214 3449 -

259 3487 355 3548 Ad'atu
379 3490 466 3549 tacito
488 3489 600 3550 iuvenis
623 3488 777 3567 Tegeaeus
799 3488 919 3549 adorat:

260 3572 353 3633 ‘Diva
373 3582 477 3652 potens
495 3591 653 3651 nemorum,
673 3608 716 3622 -
735 3573 789 3635 tibi
809 3573 884 3633 enim
906 3572 953 3635 hic
974 3571 1027 3633 tibi
1048 3574 1135 3633 crinis
1153 3572 1257 3632 honori

257 3657 399 3735 Debitus,
422 3677 498 3737 eque
521 3668 570 3720 tuo
591 3661 671 3720 venit
692 3657 767 3721 haec
787 3658 889 3720 iniuria
911 3666 999 3736 voto,
1021 3690 1063 3702 —
1134 3707 1137 3714 .

259 3743 289 3802 Si
309 3741 384 3803 bene
407 3742 475 3822 quid
495 3744 647 3827 genetrix,
667 3743 693 3808 si
713 3742 786 3830 quid
800 3742 962 3807 uenatibus
976 3743 1052 3823 ipae
1223 3743 1285 3790 ii&

294 3846 490 3894 sonorosus.
1102 3817 1132 3872 (ὃ
