3134 4434
319 460 379 541 146
644 469 845 520 ,1.,11111111
866 467 984 520 suurn

318 626 396 688 Fusa
416 626 485 688 novi
505 626 643 687 lacrimas
662 624 717 684 iam
739 624 829 686 solvit
852 635 881 686 et
899 634 1027 704 occupat
1049 634 1136 686 artus.
1243 642 1248 649 ·

319 711 543 791 ‘Adspiciamne
560 711 664 771 iterum
684 726 791 789 meque
814 710 871 770 hoc
894 712 923 770 in
944 719 1065 790 pectore
1091 728 1208 789 ponam,

317 794 473 857 Aeacide?
493 812 651 873 rursusque
672 802 739 854 tuos
763 793 924 872 dignabere
946 792 1067 874 partus?

318 881 364 941 Au
383 881 507 941 tumidus
527 879 718 956 Teucrosque
740 879 820 942 lares
840 887 872 939 et
891 889 976 959 capta
1000 889 1156 958 reportans

317 966 459 1043 Pergama
480 965 631 1042 virgineae
651 964 737 1024 noles
754 964 922 1024 meminisse
944 961 1097 1025 latebrae?
1270 975 1324 1030 260

319 1048 395 1123 Quid
415 1067 532 1128 precer,
555 1047 626 1108 heu!
646 1050 800 1108 timeamve
821 1046 924 1127 prius?
947 1048 1054 1128 quidve
1075 1049 1160 1109 anxia
1178 1049 1322 1126 mandem,

294 1156 299 1178 r
321 1131 374 1193 Cui
397 1135 447 1193 vix
470 1134 542 1194 flere
564 1130 669 1192 vacat?
712 1131 801 1194 Modo
824 1142 855 1194 te
875 1150 934 1193 noa
954 1150 1011 1192 una
1033 1133 1170 1210 deditque

316 1217 480 1296 Inviditque
503 1216 581 1277 mihi.
621 1215 766 1277 Thalamis
786 1216 862 1278 liaeo
883 1226 1016 1296 tempora
1037 1217 1168 1277 nostris‘l

317 1302 409 1362 Hisne
432 1311 478 1362 est
498 1301 575 1362 liber
594 1297 722 1376 hymen?
761 1299 905 1362 Odulcia
926 1301 1002 1361 furta
1024 1302 1154 1380 dolique,

319 1385 461 1447 Otimor!
481 1386 602 1465 eripitur
621 1386 746 1446 miserae
766 1386 927 1465 pennistus
946 1385 1088 1446 Achilles.
1270 1397 1322 1451 205

317 1470 350 1547 1,
373 1489 533 1550 —neque
555 1471 631 1530 euim
651 1478 749 1530 tantos
770 1468 861 1530 ausim
879 1487 1023 1531 reuocare
1043 1478 1179 1548 paratus,
1203 1506 1244 1519 —

318 1553 336 1615 1·
351 1564 467 1632 cautus,
488 1572 545 1615 nec
565 1564 639 1614 nana
655 1553 766 1614 'Thetin
784 1555 919 1616 timuisse
937 1563 1098 1629 memento,

317 1637 333 1700 1
353 1639 427 1699 felix
446 1649 605 1719 nosterque
627 1639 701 1698 redi.
742 1637 834 1699 Nimis
856 1637 980 1718 inproba
995 1654 1104 1718 posco.

318 1722 378 1785 Iam
399 1732 428 1783 te
451 1723 624 1803 spectabunt
644 1723 770 1782 lacrimis
792 1723 968 1802 planctuque
984 1722 1116 1783 decorae

320 1807 452 1868 Troades
475 1806 673 1886 optabuntque
695 1809 752 1867 tais
770 1808 841 1868 dare
863 1808 942 1867 colla
963 1807 1099 1869 lacertis·
1270 1817 1323 1872 270

318 1892 357 1954 Et
377 1892 498 1971 patriam
519 1908 645 1971 pensare
669 1893 757 1967 toris,
781 1901 830 1952 aut
845 1891 1064 1971 ipsa-placebit

320 1976 479 2054 Tyndaris,
499 1976 612 2036 incesta
629 1977 745 2035 nimium
763 1976 878 2038 laudata
898 1978 1008 2056 rapina.

321 2063 376 2122 Ast
399 2078 456 2138 ego
481 2062 530 2121 vel
552 2061 803 2141 primae-puerilis
826 2060 1069 2139 fututa-calpae·

320 2145 469 2207 Narrabor
489 2145 619 2221 famulis,
642 2154 691 2205 ant
712 2145 894 2207 dissimulata
914 2142 1024 2205 latebo.
1078 2166 1081 2173 ¹
1124 2188 1127 2195 .

322 2232 398 2306 Quin
420 2249 493 2307 age,
514 2231 569 2290 duo
586 2231 742 2297 ·'comitem;
764 2248 817 2290 our
836 2245 976 2306 nonego
998 2227 1100 2289 Martia
1123 2238 1219 2290 tecum
1270 2240 1321 2296 275

322 2317 411 2392 Signa
428 2312 543 2374 ieram?
564 2324 595 2375 tu
614 2331 708 2392 pensa
730 2312 1046 2391 mann-Bacchaeaque
1065 2330 1180 2374 mecum

322 2399 430 2474 Sacra,
454 2399 532 2477 quod
552 2398 654 2458 infelix
672 2408 730 2457 non
747 2398 854 2458 credet
870 2397 975 2473 Troia,
998 2398 1097 2458 tulisti.

320 2483 457 2543 Attamen
478 2483 570 2558 huno,
594 2486 680 2561 quem
702 2492 816 2543 moesta
836 2481 1027 2542 milri'solatia
1048 2482 1165 2560 linquis,

321 2567 403 2627 Hunc
426 2567 531 2627 saltem
553 2565 605 2625 sub
629 2567 719 2626 corde
741 2576 827 2642 tene,
848 2576 879 2629 et
901 2566 1032 2627 oouoede
1055 2569 1188 2644 precanti

321 2651 386 2711 Hoc
409 2651 519 2726 solum,
539 2648 633 2729 pariat
654 2668 691 2710 ne
714 2650 783 2728 quid
803 2651 858 2712 tibi
873 2650 1012 2712 ‘barbara'
1027 2652 1142 2728 coniux,
1271 2663 1325 2716 280

321 2735 367 2796 Ne
391 2736 513 2814 qua'det
532 2734 668 2811 indignos
687 2733 803 2796 Thetidi
820 2736 941 2815 captiva·
955 2739 1104 2813 nepotes!

355 2830 364 2849 '¹
388 2819 469 2880 Talia
491 2819 640 2880 dicentem·
653 2836 712 2878 non
731 2821 797 2898 ipse
819 2820 945 2880 inmotus
961 2818 1099 2880 ¹Achilles

322 2905 442 2985 Solatur
460 2906 593 2984 iuratque
615 2904 702 2964 fidem
723 2905 874 2985 iurataque
894 2902 964 2964 tiela

323 2989 470 3070 Spondet,
495 2999 524 3049 et
546 2991 682 3066 ingentes
704 2989 826 3050 famulas
847 2997 1021 3067 captumque
1042 3002 1181 3048 reuersus

321 3073 397 3135 Ilion
421 3083 450 3133 et
471 3073 777 3152 Phrygiae-promittit
791 3068 1038 3150 munera‘qanae.
1272 3084 1324 3138 285

321 3157 409 3219 Inrita
430 3157 750 3237 ventosaeaapiebant
764 3157 856 3219 nnita
873 3157 1038 3236 procellae.

336 3245 361 3293 ‹;.·
387 3240 474 3301 Exuit
495 3242 652 3320 inplicitum
673 3240 803 3303 tenebris
822 3240 1005 3303 bumendhus
1027 3239 1129 3301 orbern

325 3325 444 3387 Oceano
467 3326 582 3403 prolata
603 3327 683 3402 diesq
706 3328 1046 3406 genitorque=oorasoao
1129 3358 1133 3365 -

322 3411 409 3471 lmcls
431 3409 800 3473 adlruo-·hebetem·nicisa
819 3410 1046 3475 inueterata

323 3493 362 3555 Et
381 3495 507 3554 nondum
529 3504 656 3555 excusso
674 3505 821 3559 rorantem
835 3495 1099 3576 lampada‘ponto.
1272 3503 1325 3559 290

323 3579 438 3640 Etiam
459 3579 744 3658 punicea-nodatum·
761 3590 885 3661 pectora
907 3581 996 3660 palla,
1041 3624 1046 3630 -
1108 3602 1111 3609 ·

320 3663 527 3744 iInsignemque
549 3664 1028 3747 ipsis3··quae·prima·invaseratq
1051 3665 1138 3725 armis

315 3748 473 3809 Aeaciden
494 3783 538 3794 -
556 3746 757 3830 quippenam
775 3748 1214 3830 mosocog'uaaquasuadent
1270 3778 1273 3783 ·
1307 3766 1311 3771 ·
