3134 4434
554 469 754 519 nmnnmnos
776 471 845 518 nm.
869 472 892 518 1.
1091 526 1094 530 ,
1211 457 1250 519 ll.

254 624 337 685 lland
357 624 481 686 humiles
502 635 581 686 tanta
601 627 644 687 ira
665 626 769 703 docet,
789 625 968 704 generisque
984 627 1103 705 superbi
1201 638 1252 691 445

254 708 359 786 blegne
380 729 434 791 per
455 712 578 772 ellnsum
600 711 766 774 clarescunt
788 713 871 788 signa
892 717 1050 771 cruorem?

318 795 429 856 Vinea
451 814 514 855 eum
536 797 625 857 mixto
647 796 915 873 clamoreobliqua
937 804 1051 856 tuentes

254 877 396 958 Incipiunt
417 899 488 942 una:
509 881 625 941 ‘Rexo
648 882 797 941 mitissime
818 880 971 956 Achivum,

256 962 331 1036 Quid
352 965 451 1024 verbis
472 963 569 1044 opus?
591 966 656 1047 ipse
677 966 820 1027 undantes
842 967 981 1042 sanguine
1003 965 1101 1027 vultus
1167 965 1170 969 ’

254 1047 418 1127 Adspicis!
461 1050 542 1110 llaec
563 1052 671 1132 passim
691 1051 814 1111 turbatis
829 1051 913 1110 vocis
935 1066 1049 1111 amarae
1198 1062 1252 1116 450

255 1130 423 1194 Confudere
442 1137 536 1204 sonis;
559 1136 627 1197 inde
647 1153 732 1197 orsus
754 1137 783 1195 in
802 1135 904 1196 ordine
927 1133 1045 1210 Tydeus

254 1214 426 1296 Continuat,
449 1222 554 1280 moesti
574 1222 695 1299 cupiens
718 1220 822 1282 solatia
840 1238 941 1281 casus:
979 1225 983 1231 '

254 1301 470 1365 ‘Monstriferos
494 1303 652 1381 Calydonis
673 1323 748 1385 opes
768 1303 972 1384 Acheloiaque
995 1322 1064 1366 arva

255 1385 398 1448 Deseruit
418 1390 526 1450 vestris
547 1391 594 1451 bic
613 1409 659 1451 me
681 1408 754 1451 eece
777 1391 806 1450 in
828 1389 932 1451 linibus
951 1391 1054 1467 ingens

254 1470 323 1532 Nox
342 1475 448 1552 operit.
484 1474 576 1535 Tecto
598 1475 713 1536 coelum
733 1475 891 1555 prohibere
914 1475 977 1553 quis
999 1476 1054 1534 iste
1201 1486 1253 1540 455
1337 1494 1344 1551 ξ

254 1555 379 1617 Arcuit?
401 1577 437 1618 an
456 1560 591 1638 quoniam
614 1562 695 1640 prior
716 1561 792 1622 baec
813 1560 849 1621 ad
868 1559 964 1619 limina
983 1558 1061 1620 forte

255 1640 372 1702 Molitnr
394 1642 536 1720 gressus?
558 1647 668 1725 pariter
688 1644 837 1705 stabulare
859 1643 1035 1704 bimembres

257 1724 419 1788 Centauros
436 1748 551 1808 unaque
572 1730 669 1791 lerunt
692 1729 840 1808 Cyclopas
859 1731 888 1789 in
910 1729 1005 1790 Aetna
1156 1804 1161 1815 ι

257 1807 455 1891 Compositos.
500 1816 572 1876 Sunt
596 1824 626 1876 et
645 1815 754 1876 rabidis
776 1816 837 1876 iura
857 1815 942 1875 insila
963 1816 1098 1877 monstris

254 1893 370 1976 Fasque
393 1915 488 1959 sunm:
511 1899 596 1960 nobis
617 1901 733 1962 sociare
754 1899 862 1961 cubilia
880 1895 1002 1959 terrae?
1167 1894 1254 1964 ¹'llio

256 1980 316 2041 Sed
336 1981 404 2061 quid
426 1983 505 2062 ego?
529 1993 577 2052 ant
597 1984 685 2046 bodie
706 1984 819 2064 spoliis'
834 1985 953 2062 gavisus
972 1982 1077 2060 abibis,

256 2064 394 2145 Quisquis
416 2087 465 2145 es,
488 2069 550 2145 bis,
573 2079 622 2130 aut
642 2088 706 2145 me,
726 2071 752 2129 si
775 2087 833 2129 non
852 2069 978 2129 elioetus
996 2068 1102 2129 oborto

253 2150 380 2229 Sanguis
401 2153 490 2214 hebet
511 2154 605 2227 luctu,
628 2155 724 2232 magni
747 2153 783 2214 de
803 2155 895 2235 stirpe
916 2162 1045 2214 creatum

256 2234 375 2297 Oeneos
395 2247 425 2297 et
445 2237 529 2298 llartl
549 2255 607 2298 non
626 2239 809 2316 degenerare
831 2248 953 2318 paterno

257 2321 420 2403 Accipies)
443 2356 485 2370 -
505 2321 582 2384 ‘Nec
604 2340 658 2383 nos
680 2323 765 2384 animi
785 2341 842 2383 nec
864 2323 963 2402 stirpis
983 2325 1127 2399 egemus,'
1200 2330 1252 2386 sot

257 2405 313 2466 Ille
332 2406 424 2468 relert
446 2417 563 2485 contra,
586 2409 639 2469 sed
661 2426 742 2468 mens
763 2408 819 2469 sibi
841 2408 959 2469 conscia
976 2407 1045 2467 lacti

259 2489 415 2552 Cunctator
436 2493 572 2571 prolerre
590 2502 711 2573 patrem.
757 2493 838 2554 Tunc
857 2494 935 2553 mitis
954 2491 1116 2553 Adrastus:

257 2576 360 2637 ‘lmmo
382 2579 475 2655 agite,
499 2587 528 2638 et
550 2579 671 2659 positis,
695 2597 768 2659 quas
786 2596 845 2641 uox
864 2580 1039 2658 inopinaque
1059 2576 1151 2637 suasit

256 2662 317 2723 Ant
337 2663 428 2722 virtus
450 2672 497 2723 aut
519 2665 578 2741 ira,
598 2664 700 2741 minis,
724 2665 874 2726 succedite
892 2673 994 2725 tecto·

256 2747 317 2808 lam
340 2750 453 2826 pariter
468 2757 572 2809 coeant
595 2748 753 2810 animorum
774 2751 803 2810 in
827 2750 951 2828 pignora
973 2748 1105 2808 dextrae.
1202 2753 1255 2809 l'lo

256 2830 323 2892 Nou
343 2831 419 2892 haec
440 2834 585 2893 incassum
607 2833 740 2913 divisque
762 2833 932 2895 absentibus
954 2839 1036 2892 aeta:

258 2916 371 2977 Forsan
393 2926 422 2978 et
443 2917 495 2978 bas
519 2927 658 2977 venturus
680 2936 761 2978 amor
780 2917 965 2998 praemiserit
986 2917 1056 2992 iras,

258 3001 297 3062 Ut
317 3003 481 3062 meminisse
501 3003 604 3062 iuvet!
646 3001 712 3062 Nec
730 3018 804 3063 rana
826 3019 902 3063 voce
923 3000 1040 3060 locutus

257 3085 329 3148 Fata
345 3106 454 3165 senex,
473 3086 615 3165 siquidem
631 3085 706 3148 banc
721 3086 876 3166 perbibent
891 3093 960 3166 post
974 3085 1095 3146 vulnera
1108 3084 1213 3145 iunctis

258 3171 335 3232 Esse
354 3172 455 3249 iidem,
481 3180 586 3251 quanta
608 3173 742 3251 partitum
763 3181 894 3233 extrema
916 3179 1056 3250 protervo
1201 3175 1254 3234 475

260 3256 377 3318 'lbesea
396 3257 542 3333 Pirithoo,
563 3257 612 3317 vel
633 3259 746 3317 inanem
768 3258 873 3318 mentis
893 3254 1029 3316 Orestem

259 3340 404 3421 Opposito
426 3342 555 3403 rabidam
576 3340 686 3418 Pylade
707 3344 817 3403 vitasse
838 3339 1015 3419 Megaeram.

324 3425 404 3486 Tune
423 3445 540 3507 qnoque
562 3427 736 3488 mulcentem
757 3427 843 3488 dictis
865 3426 953 3488 corda
974 3444 1080 3507 aspera
1101 3444 1205 3504 regem

260 3509 320 3572 lam
338 3510 442 3571 faciles
458 3545 501 3560 ·—-
522 3513 616 3572 ventis
639 3522 669 3573 ut
692 3512 840 3573 decertata
860 3512 990 3573 residunt

256 3596 412 3675 Aequora,
434 3596 597 3678 laxatisque
624 3597 670 3659 diu
692 3607 789 3659 tamen
809 3615 878 3658 aura
897 3605 1047 3676 superstes
1206 3604 1259 3659 480

259 3681 414 3742 Inmoritur
435 3681 528 3760 velis,
548 3716 591 3727 -
611 3683 693 3763 passi
715 3684 834 3744 subiere
856 3690 987 3762 penates.

257 3765 312 3829 llic
331 3767 452 3847 primum
473 3766 597 3828 lustrare
620 3768 714 3830 oculis
732 3769 889 3850 cultusque
907 3767 1046 3828 uirorum
