3134 4434
312 457 373 520 218
651 469 683 517 e.
701 468 835 517 naemu
856 468 973 519 susan

312 627 378 688 Non
399 625 507 686 andere
530 625 624 686 iubet:
646 626 741 686 neutri
762 625 867 686 fiducia
889 635 1006 706 coepto.

312 711 431 773 ltistulic
452 713 495 771 ira
516 728 640 791 preces;
661 711 745 791 ponit
765 710 935 771 miserabile
955 728 1068 790 corpus

312 797 390 857 Ante
411 795 519 874 pedes,
542 805 686 874 tergoque
708 812 833 872 graves,
857 814 928 874 quas
949 795 1027 856 lortc
1048 798 1190 874 gerebat

314 879 440 958 Tigridis
463 881 599 957 exuvias,
623 882 651 940 iu
671 879 786 940 laeuum
805 888 924 963 torquet
945 890 975 941 et
995 880 1100 942 obstat

313 965 454 1026 Exertum
477 964 628 1026 obiectans
647 981 829 1041 mucronem,
851 967 940 1044 inque
961 967 1058 1026 omniu
1082 968 1151 1029 tela

312 1051 425 1110 Versus
445 1049 532 1110 etad
554 1050 675 1110 caedem
697 1051 778 1109 iuxta
798 1058 979 1128 mortemque
1001 1061 1150 1129 paratus:

313 1134 352 1196 Ut
372 1134 435 1211 lea,
459 1152 543 1214 qnam
565 1151 655 1195 saevo
677 1134 785 1194 loetum
806 1151 947 1212 pressere
970 1134 1061 1195 cubili

314 1219 463 1280 Venantes
483 1217 640 1296 Numidae,
662 1228 747 1279 natos
770 1228 870 1288 erecta
892 1227 1039 1298 superstat

312 1304 411 1365 Mente
433 1302 486 1363 snb
507 1307 637 1381 incerta,
657 1313 770 1364 torvum
790 1321 835 1364 ac·
844 1303 1011 1364 miserabile
1032 1303 1202 1370 frendens.

312 1388 366 1450 llla
386 1389 502 1468 quidem
522 1388 639 1449 turbare
660 1387 768 1467 globos
791 1396 822 1448 et
840 1389 977 1466 frangere
997 1405 1104 1449 morsu

314 1473 387 1535 l'ela
409 1481 512 1552 queat,
535 1473 587 1534 sed
609 1475 702 1552 prolis
722 1489 803 1533 arnor
824 1472 954 1534 crudelia
974 1475 1068 1533 vincit

314 1558 441 1619 Pectora
462 1566 493 1618 et
512 1576 530 1618 a
549 1558 643 1620 media
663 1557 775 1620 catulos
798 1558 993 1636 circumspicit
1015 1559 1070 1618 ira.

315 1643 354 1704 Et
374 1645 430 1703 iam
451 1642 535 1704 laeva
555 1644 637 1721 viro,
661 1643 792 1722 quamvis
814 1644 928 1703 saevire
949 1651 1067 1703 vetaret

314 1727 477 1807 Amphion,
500 1736 604 1807 erepta
623 1745 741 1804 manus,
766 1728 909 1806 puerique
931 1726 1085 1787 trabuntur

317 1810 375 1873 Ora
397 1813 499 1892 supina
519 1812 626 1883 comis;
649 1830 734 1872 serus
754 1821 823 1872 tunc
845 1812 970 1891 denique
992 1812 1128 1891 supplex

315 1897 451 1959 Demisso
472 1914 610 1957 mucrone
632 1904 733 1974 rogat-z
762 1894 975 1972 ‘Moderatum
998 1912 1065 1972 oro,

315 1981 440 2058 Ducite,
462 1981 592 2042 fulminei
613 1999 667 2062 per
684 1997 741 2042 vos
763 1980 906 2042 cunabula
926 1980 1034 2041 bacchi

315 2066 474 2145 lnoamqne
492 2065 591 2144 lugam
610 2068 759 2145 vestrique
777 2065 958 2127 Palaemonis
979 2082 1084 2126 annos.

316 2152 348 2212 Si
371 2153 416 2211 eui
436 2151 513 2212 iorte
534 2151 611 2212 domi
631 2160 763 2212 natorum
781 2151 903 2228 gandia,
925 2151 950 2210 si
973 2151 1039 2229 quis

315 2236 370 2297 llic
389 2244 488 2316 pater,
512 2237 626 2314 angusti
640 2253 740 2316 puero
763 2235 831 2296 date
853 2235 981 2315 pulveris
1002 2233 1132 2297 haustus

315 2320 517 2399 Exiguumque
536 2320 648 2390 iacem;
670 2329 773 2398 rogat,
797 2338 834 2380 en
855 2329 940 2396 rogat
960 2320 1025 2397 ipse
1048 2321 1187 2386 iacentis

315 2404 435 2467 Vultus:
464 2421 521 2483 ego
543 2404 674 2467 infandas
694 2407 793 2485 potior
811 2406 918 2466 satiare
937 2404 1090 2481 volucres,

315 2489 364 2550 lie
386 2489 530 2568 praebete
548 2490 636 2566 ieris,
660 2507 718 2566 ego
737 2489 816 2550 bella
840 2488 949 2549 andere
972 2491 1083 2566 coegi.’

380 2575 498 2651 ‘lmmo,
521 2576 560 2634 ait
580 2573 743 2653 Amphion,
765 2592 868 2651 regem
888 2575 912 2634 si
932 2582 1009 2634 tanta
1033 2575 1147 2652 cupido

318 2658 470 2735 Gorrdere,
493 2676 568 2737 qnae
589 2659 698 2719 timidis
709 2657 788 2719 belli
809 2677 908 2736 mens,
932 2659 1002 2734 ede,
1025 2657 1186 2738 Pelasgis,

316 2744 392 2819 Quid
413 2744 499 2805 fracti
519 2761 726 2822 exanguesque
746 2753 866 2823 parent,
893 2752 996 2804 cuneta
1018 2742 1106 2803 ocius
1129 2748 1228 2825 effer,

315 2828 354 2890 Et
371 2827 431 2893 vita
450 2829 619 2908 tumuloque
638 2828 721 2889 ducis
741 2829 864 2889 donatus
884 2828 986 2889 abito?

316 2914 449 2990 Horruit,
473 2923 502 2974 et
520 2923 583 2974 toto
604 2913 778 2994 praecordia
799 2915 931 2993 protinus
951 2911 1046 2972 Arcas

315 2997 441 3078 Inplevit
461 2999 578 3078 capulo.
618 3000 819 3059 ‘summumne
841 2998 899 3058 hoc
917 2995 1063 3073 cladibus,
1089 2999 1205 3080 inquit,

315 3082 441 3159 Deerat,
461 3093 492 3144 nt
514 3083 639 3151 aiilictos
658 3092 805 3163 turparem
824 3099 882 3160 ego
906 3082 1037 3161 proditor
1057 3080 1195 3162 Argos?

316 3166 364 3229 Nil
384 3170 502 3228 emimus
521 3168 610 3245 tanti,
632 3184 689 3227 nec
707 3170 751 3228 sic
772 3167 844 3228 velit
867 3168 931 3246 ipse
954 3167 1103 3226 cremari’

380 3252 430 3313 Sic
452 3254 508 3328 ait,
532 3262 562 3313 et
579 3269 685 3341 magno
706 3253 885 3331 proscissum
905 3251 1027 3311 vnlnere
1048 3263 1163 3330 pectus

300 3336 418 3397 ¹lniecit
439 3354 532 3416 puero
554 3355 748 3417 supremaque
766 3354 908 3397 murmura
929 3335 1068 3395 volvens:

317 3421 398 3482 ‘Hoc
419 3429 515 3481 tamen
534 3422 644 3483 interea
666 3438 735 3482 carc
758 3423 874 3500 potiere
896 3420 1057 3500 sepulcro!

316 3505 405 3567 Tales
428 3507 534 3585 optatis
555 3524 657 3584 regum
675 3507 703 3566 in
726 3505 927 3584 complexibus
949 3503 1044 3580 ambo,

315 3591 371 3652 Par
391 3593 506 3668 insigne
527 3592 644 3667 animis,
668 3589 793 3651 Aetolus
812 3599 843 3650 et
863 3589 979 3650 inclitus
996 3587 1093 3649 Arcas

316 3675 462 3755 Egregius
481 3673 581 3735 efflant
599 3677 706 3735 animas
726 3676 847 3753 letoque
869 3674 1007 3735 fruuntur.

312 3759 372 3822 Vos
394 3779 515 3844 quoqne
535 3760 661 3842 sacrati,
689 3761 821 3844 quamuis
839 3777 909 3820 mea
925 3757 1053 3819 carmina
1070 3777 1208 3840 surgant
1288 3778 1330 3834 lat
