3134 4434
297 444 338 506 26
633 457 664 505 e.
686 455 824 505 ererum·
844 456 960 508 suurn

296 615 392 692 Ignis,
415 622 444 673 et
465 612 495 672 in
515 621 606 674 totum
624 623 764 692 regnaret
785 614 876 676 Sirius
897 635 1008 676 annum.
1246 627 1298 683 635

296 699 377 760 Idem
400 707 501 759 auctor
524 698 620 759 Paean
641 717 741 760 rursus
763 699 845 761 iubet
865 702 908 761 ire
929 712 1048 761 cruento

296 784 419 844 Interius
439 792 569 843 monstro
591 785 728 861 iuvenes,
750 786 798 863 qui
819 786 912 846 caede
931 789 1027 865 potiti.

296 868 455 929 Fortunate
476 869 560 928 animi
584 868 760 949 longumque
781 871 811 929 in
832 872 951 931 saecula
973 873 1060 949 digne

297 954 494 1015 Promeritura
515 953 603 1014 diem!
624 971 684 1015 uon
703 964 734 1015 tu
757 957 805 1034 pia
830 955 960 1033 degener
982 975 1059 1016 arma

299 1038 436 1115 Occulis,
460 1047 509 1099 aut
531 1046 629 1099 certae
656 1039 785 1118 trepidas
808 1056 967 1100 occurrere
990 1041 1083 1101 morti.
1246 1049 1299 1104 640

300 1123 438 1185 Cominus
461 1141 513 1184 ora
531 1123 630 1184 lerens
653 1120 795 1199 Cyrrhaei
815 1125 844 1184 in
866 1125 962 1185 limine
985 1125 1085 1204 templi

300 1207 452 1286 Constitit,
478 1218 508 1268 et
529 1225 629 1269 saoras
650 1209 688 1268 ita
706 1207 830 1269 vooibus
851 1219 969 1288 asperat
991 1213 1065 1270 iras:

364 1292 443 1353 ‘Nou
461 1294 582 1369 missus,
602 1291 803 1370 Thymbraee,
826 1302 891 1354 tuos
907 1295 1071 1375 supplexve
1090 1303 1212 1373 penates

299 1379 449 1440 Adveuio:
469 1395 534 1438 mea
554 1395 601 1438 ms
622 1379 718 1457 pietas
740 1387 771 1439 et
793 1380 911 1440 conseia
934 1381 1024 1440 virtus

297 1465 358 1526 Has
381 1480 472 1541 egere
493 1463 566 1523 vias.
598 1461 664 1540 Ego
687 1481 766 1541 sum,
787 1465 835 1543 qui
855 1463 946 1525 caede
966 1465 1080 1542 subegi,
1248 1474 1299 1529 645

297 1548 435 1625 Phoebe,
458 1556 536 1608 tuum
557 1548 679 1609 mortale
701 1548 805 1626 nefas,
829 1567 915 1629 quem
937 1549 1060 1609 nubibus
1087 1551 1155 1610 atris

298 1633 338 1695 Et
362 1632 515 1712 squalente
537 1632 600 1710 die,
623 1633 705 1711 nigra
725 1650 811 1711 quem
833 1633 901 1694 tabe
919 1635 1026 1694 sinistri

300 1717 442 1793 Quaeris,
464 1717 579 1796 inique,
602 1717 674 1797 poli.
714 1716 828 1791 Quodsi
848 1728 977 1779 monstra
996 1720 1089 1780 eilera
1111 1720 1222 1797 magnis

300 1802 376 1865 Gara
394 1803 469 1863 adeo
492 1803 606 1881 superis
624 1803 793 1882 iacturaque
814 1802 901 1863 vilior
924 1803 1014 1880 orbis,

299 1886 379 1949 blors
393 1887 556 1964 homiuum,
580 1896 610 1947 et
630 1904 721 1948 saevo
737 1895 816 1949 tanta
830 1888 1016 1949 inelementia
1032 1888 1118 1947 coelo
1135 1896 1191 1964 est,
1247 1898 1300 1953 650

300 1973 376 2049 Quid
396 1990 532 2032 meruere
554 1969 650 2051 Argi?
668 1990 733 2049 me,
756 1991 818 2048 me,
838 1973 934 2034 divum
956 1975 1082 2052 optime,
1105 1972 1198 2033 solum

300 2058 453 2120 Obieoisse
473 2066 560 2138 caput
582 2057 648 2118 latis
666 2057 839 2136 praestabit.
882 2056 929 2117 An
950 2058 1020 2118 illud

299 2143 380 2205 hene
397 2143 490 2221 magis
513 2142 612 2219 oordi,
633 2142 711 2222 quod
732 2142 865 2204 desolata
883 2142 1034 2203 domorum

300 2229 392 2290 Tecta
413 2228 513 2305 vides,
537 2228 655 2308 ignique
677 2227 751 2288 datis
774 2226 935 2288 cultoribus
957 2228 1049 2288 omnis

299 2314 391 2376 Lucet
410 2309 503 2390 ager?
523 2313 583 2373 Sed
605 2312 673 2392 quid
691 2312 778 2374 lando
800 2321 848 2373 tua
869 2312 929 2373 tela
947 2331 1105 2392 manusque
1252 2323 1304 2378 655

300 2395 468 2460 Demoror'l
486 2404 644 2477 expectant
663 2407 770 2458 matres
791 2414 985 2476 supremaque
1007 2397 1126 2457 fundunt

300 2484 377 2543 Vota
395 2481 473 2543 mihi.
511 2483 588 2542 Satis
610 2489 671 2542 est:
693 2483 802 2559 merui,
825 2499 862 2542 ue
883 2499 1007 2559 parcere
1027 2482 1132 2542 velles.

300 2567 426 2629 Proinde
445 2583 531 2627 move
553 2566 706 2645 pharetras
723 2582 868 2645 arcusque
890 2567 1007 2628 intende
1027 2583 1153 2628 sonoros

300 2652 505 2730 Insignemque
529 2651 650 2711 animum
672 2650 732 2711 leto
753 2647 895 2721 demitte;'
908 2652 961 2712 sed
979 2652 1058 2712 illum

301 2737 428 2799 Pallidus
450 2734 574 2797 luaohiis
593 2736 657 2814 quis
681 2736 810 2815 desuper
830 2737 950 2796 inminet
968 2736 1069 2814 Argis,
1248 2746 1301 2801 660

300 2823 375 2884 Dum
397 2821 522 2899 morior,
543 2820 663 2900 depelle
683 2819 827 2899 globum!
858 2817 933 2882 Fors
955 2839 1049 2900 aequa
1067 2831 1214 2882 merentes

301 2908 444 2988 Respicit.
487 2906 648 2968 Ardentem
670 2907 760 2967 tenuit
780 2908 948 2967 reverentia
971 2907 1070 2967 oaedis

299 2993 465 3068 Latoidem,
486 2993 654 3071 tristemque
674 2992 738 3051 viro
760 2990 921 3052 submissus
942 2991 1083 3053 honorem

299 3077 433 3155 Largitur
453 3077 547 3147 vitae;
570 3085 671 3137 nostro
691 3075 767 3137 mala
786 3075 883 3138 nubila
903 3077 990 3138 ooelo

300 3162 477 3240 Diffugiunt:
499 3171 527 3222 at
545 3171 575 3222 tu
597 3161 752 3241 stupeiaoti
769 3178 787 3222 a
806 3161 904 3222 limine
923 3162 1036 3223 Phoebi
1248 3173 1299 3227 665

300 3247 447 3308 Exoratus
470 3246 542 3308 abis.
587 3244 657 3307 lude
674 3247 749 3308 haeo
768 3255 843 3307 stata
864 3263 947 3307 saera
971 3246 1123 3326 quotannis

301 3332 468 3394 Sollemnes
489 3330 625 3391 recolunt
647 3330 769 3410 epulae,
790 3329 996 3411 Phoebeiaque
1020 3331 1117 3410 placat

301 3417 424 3496 Templa
445 3423 569 3475 novatus
587 3414 691 3475 bonos.
736 3415 796 3477 llas
817 3416 895 3476 iorte
915 3417 1037 3476 invisitis
1059 3434 1124 3475 arus

299 3502 364 3561 Vos
387 3518 462 3580 quae
484 3497 664 3580 progenies?
686 3518 856 3580 quamquam
877 3497 1055 3576 Calydonius
1077 3498 1206 3577 Oeneus,

301 3587 340 3648 Et
361 3586 569 3661 Parthaoniae,
594 3585 699 3646 dudum
721 3586 746 3645 si
768 3594 865 3646 sertus
884 3584 920 3645 ad
943 3604 995 3645 aur
1015 3586 1035 3644 s'
1248 3594 1301 3650 670

304 3669 422 3732 Clamor
443 3673 492 3749 iit,
511 3669 562 3730 tibi
581 3672 642 3730 iura
661 3671 777 3738 domus:
800 3679 830 3730 tu
852 3671 965 3748 pande,
1028 3672 1052 3730 is
1074 3669 1172 3746 Argos

296 3755 467 3834 advenias,
494 3755 611 3836 quando
628 3755 705 3818 haeo
725 3756 814 3819 variis
837 3755 1018 3818 sermonibus
1040 3756 1112 3818 bora
1135 3759 1206 3815 est'
