3134 4434
306 422 343 486 18
642 437 673 484 P.
695 436 829 485 summu
852 436 969 486 suurn

304 589 464 670 Porrigitur
486 591 652 672 lassumque
675 593 791 655 inclinat
811 594 846 655 ad
869 611 998 674 aequora
1017 605 1154 673 montem,

306 677 458 742 Praeterit.
502 677 576 738 llinc
598 687 679 739 arcte
703 679 864 758 scopuloso
887 682 916 739 in
937 680 1027 741 limite
1053 682 1183 760 pendens

303 762 429 824 infames
449 762 582 839 Scyrone
604 772 704 842 petras
724 763 921 843 Scyllaeaque
943 781 1009 825 rura

303 848 453 928 Purpureo
475 857 596 926 regnata
618 849 682 908 seni
698 849 854 928 mitemque
877 848 1036 909 Corinthon

304 932 432 1012 linquit,
453 941 483 993 et
505 933 533 992 in
549 933 652 994 mediis
671 932 750 993 audit
771 933 828 994 duo
851 934 937 994 litora
960 934 1081 1013 eampis.
1250 942 1303 998 335

367 1017 485 1096 lamque
507 1036 562 1097 per
574 1019 692 1078 emeriti
711 1036 836 1095 surgens
857 1018 980 1079 confinia
1003 1017 1114 1080 Phoebi

304 1102 430 1178 Titanis,
454 1101 512 1162 late
531 1103 637 1163 mundo
657 1101 798 1164 subvecta
818 1102 914 1163 silenti

302 1186 440 1248 Rorifera
460 1187 589 1264 gelidum
610 1196 780 1248 tenuaverat
805 1205 873 1249 aera
894 1186 972 1265 biga.

302 1273 363 1333 lam
386 1271 517 1351 pecudes
537 1271 733 1350 volucresque
755 1280 870 1350 tacent,
892 1273 948 1333 iam
970 1287 1087 1330 somnus
1111 1272 1206 1332 avaris

303 1357 430 1436 lnserpit
452 1357 529 1416 curis
550 1373 719 1437 pronusque
740 1374 796 1436 per
817 1375 886 1418 aera
907 1365 996 1432 nutat,
1249 1367 1303 1420 340

304 1441 390 1502 Grata
413 1440 563 1503 laboratae
583 1441 718 1502 referens
740 1440 848 1503 oblivia
869 1442 977 1502 vitae·
1046 1463 1049 1469 ·

304 1527 364 1587 Sed
388 1543 444 1586 nec
464 1527 590 1606 puniceo
610 1527 767 1588 rediturum
788 1525 885 1587 nubila
908 1525 995 1587 coelo

301 1612 468 1673 Promisere
489 1610 587 1689 iubar,
612 1630 668 1671 nec
688 1610 906 1672 rarescentibus
928 1611 1036 1671 umbris

302 1695 403 1773 Longa
423 1713 601 1776 repercusso
623 1697 737 1757 nituere
758 1696 932 1776 crepuscula
954 1692 1085 1757 Phoebo.

302 1779 430 1841 Densior
450 1798 467 1841 a
489 1781 576 1840 terris
593 1789 623 1841 et
641 1780 712 1841 nulli
733 1782 835 1860 pervia
856 1781 987 1842 llammae
1172 1835 1174 1838 Α
1250 1787 1302 1842 345

302 1865 437 1926 Subtexit
456 1882 516 1924 nox
538 1874 598 1926 atra
621 1865 718 1946 polos.
762 1865 822 1926 Iam
844 1865 969 1926 claustra
988 1864 1110 1943 rigentis

302 1950 427 2010 Aeoliae
448 1967 590 2029 percussa
612 1959 731 2026 sonant,
754 1960 936 2031 venturaque
957 1967 1047 2011 rauco

303 2035 362 2096 Ore
384 2035 506 2096 minatur
527 2035 637 2113 hiems,
660 2037 739 2095 venti
757 2044 925 2096 transversa
946 2035 1106 2096 frementes

304 2119 469 2198 Condigunt
490 2138 634 2199 axemque
654 2129 752 2180 emoto
776 2120 893 2182 cardine
914 2121 1035 2196 vellunt,

302 2206 378 2267 Dum
398 2205 514 2266 coelum
535 2204 592 2265 sibi
614 2206 737 2285 quisque
756 2206 842 2284 rapit.
887 2204 947 2266 Sed
965 2205 1103 2285 plurimus
1120 2204 1228 2265 Auster
1249 2214 1303 2268 350

301 2290 480 2369 inglomerat
501 2299 618 2351 noctem
640 2299 669 2351 et
686 2289 845 2351 tenebrosa
866 2290 1012 2350 volumina
1033 2299 1150 2368 torquet

302 2375 502 2453 Defunditque
522 2375 649 2451 imbres,
672 2376 753 2436 sicco
775 2393 850 2454 quos
870 2393 959 2454 asper
979 2374 1058 2436 hiatu

301 2460 466 2521 Persolidat
486 2459 615 2528 Boreas;
639 2476 772 2520 necnon
792 2458 915 2539 abrupta
935 2459 1104 2519 tremiscunt

302 2544 448 2623 Fulgura,
470 2553 500 2604 et
521 2545 635 2604 attritus
658 2542 752 2604 subita
773 2543 841 2604 iace
862 2545 1001 2622 rumpitur
1021 2544 1134 2604 aether.

301 2628 362 2691 lam
379 2628 508 2706 Nemee,
532 2628 588 2688 iam
611 2627 771 2688 Taenareis
794 2631 971 2688 contermina
993 2628 1068 2689 lucis
1249 2640 1302 2693 355

301 2712 448 2777 Arcadiae
471 2715 566 2794 capita
586 2713 644 2773 alta
663 2711 797 2782 madent;
819 2715 875 2773 ruit
897 2715 1011 2792 agmine
1032 2713 1112 2774 lacto
1152 2714 1156 2721 '

300 2799 441 2875 Inachus,
463 2807 493 2859 et
516 2797 631 2878 gelidas
652 2812 776 2875 surgens
796 2795 936 2858 Erasinus
958 2797 995 2859 ad
1017 2797 1134 2858 Arctos.

301 2883 609 2964 Pulverulenta'prins
630 2880 828 2962 calcandaque
852 2882 965 2944 flumina
987 2882 1085 2945 nullae

301 2969 469 3048 Aggeribus
491 2977 614 3030 tenuere
635 2985 751 3045 morae,
775 2977 938 3048 stagnoque
958 2967 1058 3029 refusa
1078 2976 1123 3028 est

302 3053 441 3114 Funditus
464 3063 494 3114 et
515 3054 610 3115 veteri
632 3053 775 3134 spumavit
796 3052 891 3116 Lerna
911 3070 1038 3115 veneno.
1247 3063 1301 3118 360

301 3138 456 3216 Frangitur
477 3156 561 3199 omne
583 3157 700 3199 nemus:
726 3140 842 3218 rapiunt
862 3139 978 3218 antiqua
998 3138 1150 3218 procellae

301 3222 424 3285 Brachia
446 3222 599 3302 silvarum,
617 3223 763 3302 nullisque
783 3223 924 3303 adspeota
944 3242 1000 3304 per
1021 3242 1123 3285 aevum

302 3307 421 3370 Solibus
443 3307 572 3369 umbrosi
593 3317 715 3389 patuere
737 3309 848 3370 aestiva
864 3307 982 3385 Lycaei.

300 3392 356 3453 llle
377 3401 472 3452 tamen
492 3392 579 3454 modo
602 3410 674 3453 saxa
695 3393 771 3471 iugis
793 3393 934 3472 iugieutia
955 3394 1049 3473 ruptis

241 3534 244 3539 .
302 3476 437 3555 Miratur,
460 3477 548 3538 modo
568 3477 729 3557 nubigenas
751 3497 768 3538 e
790 3478 935 3540 montibus
955 3497 1054 3540 amnes
1248 3489 1299 3544 365

303 3563 383 3622 Aure
405 3580 516 3643 pavens
538 3563 704 3643 passimque
727 3564 828 3625 insano
850 3562 965 3624 turbiue
986 3573 1085 3643 raptas

302 3648 452 3709 Pastorum
471 3664 669 3728 pecorumque
689 3648 803 3710 domos.
847 3647 913 3710 Non
935 3649 1055 3727 segnius
1077 3667 1175 3711 amens

300 3731 490 3815 lacertosque
510 3734 576 3797 viae
598 3751 652 3815 per
673 3734 756 3815 nigra
775 3733 890 3796 silentia
910 3742 1027 3811 vastem:
1061 3764 1064 3769 ·
1089 3788 1094 3796 .
