3134 4434
619 472 796 557 omninum
819 475 852 525 n.
873 475 921 526 rv.
1226 465 1266 530 at

266 631 360 708 Quum
383 637 505 711 segetes
521 629 641 707 iterum,
664 647 749 710 quum
770 631 826 693 iam
848 631 924 696 haec
945 633 1063 703 deserta
1085 634 1229 716 virebant,

266 717 344 780 lutra
367 716 458 778 nrbes
480 714 668 796 populosque
692 717 786 795 premi
807 718 999 796 proavitaque
1020 728 1083 780 toto
1140 758 1143 763 -

265 801 343 864 Rura
366 801 476 864 abiisse
495 795 589 861 mari?
630 797 761 861 Necdum
782 801 873 863 letale
894 802 993 863 minari

266 885 374 948 Cessat
394 904 482 967 apex.
504 884 611 946 Procul
633 884 688 945 ista
709 885 784 962 tuis,
808 885 920 964 Tifata,
944 886 1047 965 Teate,
1234 901 1268 956 85

265 971 326 1033 llec
348 969 530 1033 Marrucinos
551 977 618 1047 agat
639 968 713 1030 haec
733 970 842 1031 insania
864 980 988 1033 montes.

325 1055 414 1117 Nunc
432 1055 458 1115 si
477 1055 554 1115 forte
571 1054 645 1113 meis
666 1072 742 1133 quae
760 1055 816 1115 sint
839 1056 960 1118 exordia
978 1055 1069 1117 llusis

266 1141 348 1202 Scire
372 1142 467 1221 petis,
489 1140 545 1201 iarn
562 1138 699 1200 Sidonios
717 1157 834 1200 emensa
852 1140 970 1202 labores

267 1224 392 1286 Thebais
415 1233 514 1304 optato
535 1224 656 1301 collegit
678 1224 800 1285 carbasa
823 1235 920 1304 portu,

266 1309 460 1391 Parnassique
478 1309 554 1387 iugis
575 1308 707 1386 silvaque
729 1307 902 1371 Heliconide
923 1309 1008 1371 festis
1235 1325 1270 1383 90

266 1393 340 1455 'lura
359 1393 440 1456 dedit
461 1393 582 1454 llamrnis
605 1399 635 1453 et
655 1393 774 1470 virginis
795 1402 862 1453 exta
884 1395 1026 1456 iuvencae

266 1477 460 1558 votiferaque
479 1495 560 1539 meas
582 1476 733 1555 suspendit
755 1475 791 1536 ab
813 1476 919 1538 arbore
938 1479 1034 1541 vittas.

265 1561 348 1624 lianc
368 1580 480 1624 vacuos
502 1563 599 1622 crines
620 1561 677 1620 alio
701 1560 777 1621 subit
798 1561 888 1623 infula
909 1580 1000 1629 nexu:

267 1647 354 1710 'lroia
374 1648 491 1728 quidem
513 1663 693 1725 magnusque
714 1645 782 1706 milri
802 1654 959 1726 temptatur
979 1647 1123 1710 Achilles.

266 1732 324 1794 Sed
344 1742 433 1794 vocat
453 1733 618 1794 arcitenens
641 1730 699 1790 alio
721 1738 805 1809 pater
827 1749 964 1810 armaque
987 1744 1128 1796 monstrat
1235 1747 1268 1803 95

264 1817 388 1879 Ausonii
407 1819 517 1879 maiora
537 1816 628 1875 ducis.
673 1814 772 1875 Trahit
789 1815 904 1895 inpetus
926 1816 978 1876 illo

264 1901 323 1964 lam
349 1902 462 1982 pridem
480 1899 660 1979 retrahitque
681 1900 776 1960 timor.
819 1899 980 1961 Stabuntne
1003 1900 1058 1961 sub
1077 1902 1128 1965 illa
1236 1895 1240 1905 ⁴

264 1985 346 2049 llole
365 1985 493 2062 humeri,
515 2000 675 2061 an‘magno
694 1985 827 2044 vincetur
848 1986 980 2064 pondere
1003 1986 1125 2047 cervix?

266 2071 340 2149 Die,
362 2070 522 2147 Marcelle,
545 2064 659 2129 leram?
681 2068 784 2131 linctus
805 2087 841 2129 an
863 2080 945 2130 sueta
966 2072 1095 2131 minores

265 2154 365 2217 Nosse
387 2156 457 2215 ratis
478 2154 602 2215 nondum
621 2151 709 2213 loniis
729 2154 877 2215 credenda
898 2152 1041 2234 periclis?
1220 2171 1270 2224 100

324 2239 445 2319 lamque
464 2239 532 2300 vale
554 2247 583 2299 et
605 2240 720 2317 penitus
736 2239 797 2297 noti
818 2238 871 2298 tibi
892 2239 966 2298 vatis
986 2255 1114 2300 amorem

271 2321 367 2386 Corde
391 2326 474 2385 exire
493 2332 570 2384 veta.
609 2321 673 2383 Nec
693 2323 768 2382 enirn
788 2322 954 2399 Tirynthius
975 2323 1068 2384 almae

267 2407 373 2470 Pectus
395 2409 555 2478 amicitiae:
577 2407 654 2468 cedit
670 2407 723 2468 tibi
741 2406 838 2485 gloria
861 2406 910 2468 lidi

266 2492 417 2571 Theseos,
437 2503 466 2554 et
487 2494 615 2555 lacerum
638 2493 686 2571 qui
704 2493 782 2553 eirea
804 2492 919 2556 moenia
939 2491 1044 2555 'l'roiae

265 2577 441 2640 Priamiden
463 2596 552 2641 caeso
573 2577 678 2639 solatia
697 2579 785 2638 traxit
807 2580 909 2640 amico.
1216 2583 1268 2646 105

304 2759 342 2811 V·
371 2756 526 2810 GARMEN
546 2758 715 2812 LYRIO'UM
734 2759 785 2812 AD
811 2761 1021 2816 SEPTIMIUM
1049 2760 1241 2814 advenam:

263 2877 351 2941 Parvi
370 2877 474 2937 beatus
493 2873 568 2935 ruris
589 2875 762 2956 honoribus,

265 2961 331 3038 Qua
350 2963 448 3041 prisca
467 2959 600 3021 Teucros
621 2962 698 3024 Alba
720 2963 792 3025 colit
809 2964 899 3043 lares,

307 3045 428 3106 Fortem
449 3053 537 3124 atquc
558 3046 713 3110 facundum
734 3049 875 3110 Severum

350 3130 416 3191 Non
436 3129 531 3190 solitis
552 3130 657 3194 lidibus
678 3132 783 3194 saluto.

263 3273 324 3336 lam
344 3284 410 3336 trux
432 3277 469 3339 ad
491 3278 599 3339 Arctos
621 3279 790 3344 Parrhasias
811 3280 904 3344 hiems

265 3358 423 3422 concessit
445 3363 511 3423 altis
532 3364 635 3426 obruta
658 3366 782 3445 solibus,

305 3444 367 3508 lam
386 3456 493 3525 pontus
512 3466 547 3509 ac
568 3448 656 3510 tellus
675 3452 819 3527 renident,
850 3518 855 3529 ,

348 3529 409 3592 larn
431 3531 575 3613 Zephyris
593 3534 700 3615 Aquilo
723 3535 878 3597 refractus.

262 3676 346 3738 Nunc
369 3681 574 3742 cunctareris
595 3681 746 3744 frondibus
769 3683 872 3743 annuis

265 3762 393 3827 Grinitnr
414 3764 520 3845 arbos,
541 3783 617 3828 nnnc
638 3766 792 3830 volucrum
810 3767 879 3830 novi
