3134 4434
324 437 364 502 88
511 462 516 473 v
661 451 693 500 P.
712 450 847 500 suumn
868 450 983 500 susum

325 609 439 689 Spirat,
465 613 496 666 et
515 605 545 665 in
566 622 653 666 carae
673 606 744 666 vivit
762 605 965 686 complexibus
981 605 1111 668 umbrae.
1286 621 1318 675 bs

385 690 439 752 llic
460 691 546 769 igitur
566 689 619 751 tibi
638 690 715 752 laeta
738 692 839 772 quies,
860 692 1018 752 fortissime
1039 693 1145 769 divum,

226 798 228 803 ·
323 776 447 852 Alcide,
467 794 524 836 nec
542 774 622 835 bella
641 776 725 836 vides
746 794 918 855 pugnasque
941 777 1069 853 feroces,

236 930 240 943 ,
323 862 383 925 Sed
404 859 510 936 chelyn
531 868 560 920 et
577 861 663 920 vittas
683 869 713 920 et
735 871 864 920 amantes
883 862 1008 923 carmina
1029 861 1138 922 laurus.

323 947 378 1009 Hic
398 944 450 1005 tibi
471 944 593 1005 solemni
613 944 785 1005 memorabit
806 947 948 1023 carmine,
973 955 1094 1026 quantus

322 1031 427 1092 lliacas
447 1028 623 1107 Geticasque
643 1029 749 1090 domos
765 1039 947 1109 quantusque
968 1030 1093 1091 nivalem
1251 1041 1319 1094 '100

324 1113 513 1194 Stymphalon
531 1121 711 1194 quantusque
730 1115 805 1190 iugis
818 1113 1016 1191 Eryruautlron
1034 1117 1153 1195 aquosis

322 1200 492 1275 Terrueris,
512 1215 598 1278 quem
620 1207 649 1258 te
670 1200 789 1278 pecoris
810 1216 970 1278 possessor
991 1198 1081 1276 Iberi,

323 1285 415 1360 Quem
431 1283 530 1344 tulerit
550 1299 658 1344 saeuae
679 1283 857 1344 Mareoticus
879 1283 989 1345 arbiter
1010 1303 1089 1346 arae.

321 1370 375 1430 llic
395 1375 545 1448 penetrata
567 1366 619 1427 tibi
641 1369 826 1447 spoliataque
848 1369 944 1429 limina
964 1370 1066 1429 mortis

324 1452 465 1515 Concinct
486 1460 516 1512 ct
532 1450 637 1513 flentes
655 1453 763 1528 Libyae
781 1454 957 1529 Scythiaeve
977 1453 1102 1534 puellas.
1270 1462 1319 1516 105

322 1538 434 1599 Necte
452 1535 761 1614 regnatorblacedum
780 1556 837 1599 nec
859 1538 999 1598 barbarus
1022 1556 1156 1616 umquam

321 1620 462 1683 Hannibal
483 1630 531 1682 aut
552 1623 638 1682 saeui¹
657 1633 760 1702 posset
781 1640 840 1683 vox
860 1623 978 1684 homida
999 1622 1099 1684 Sullae

321 1706 372 1767 ffis
395 1705 548 1767 celebrare
568 1706 671 1767 modis.
717 1705 806 1769 Certe
826 1709 1004 1792 tu0muncris
1025 1718 1128 1769 auctor

321 1791 387 1852 Non
408 1791 473 1851 aliis
493 1791 597 1853 malles
618 1791 730 1869 oculis,
752 1792 896 1873 Lysippo,
918 1793 1047 1872 probari.

456 1948 520 2000 vn.
551 1949 720 2002 LYRIOUM
749 1950 802 2003 AD
828 1950 1012 2005 MAXIMUM
1041 1949 1191 2003 IUNIUM.

321 2062 428 2124 lamdiu
451 2062 511 2123 lato
532 2063 633 2124 satiata
656 2080 759 2144 campo

255 2178 257 2196 =
322 2149 417 2209 Fortis
439 2147 548 2207 heroos
566 2145 656 2208 Erato
679 2148 798 2210 labores

320 2233 428 2309 Differ,
451 2241 538 2311 atque
559 2232 661 2310 ingens
684 2251 757 2312 opus
780 2235 808 2294 in
829 2234 957 2294 minores

484 2313 630 2377 Contrabe
648 2335 749 2396 gyros.

321 2459 421 2539 'l'uque
445 2468 583 2536 regnator
604 2461 714 2536 lyricae
737 2459 867 2520 cohortis

320 2544 365 2605 Da
384 2544 451 2602 novi
472 2543 589 2622 paulum
610 2544 679 2604 mibi
699 2545 760 2605 iura
783 2545 900 2624 plectri,

321 2629 352 2690 Si
370 2638 433 2688 tuas
453 2635 537 2688 cantu
554 2628 635 2689 Latio
656 2628 782 2706 sacravi,

483 2711 620 2792 Pindaro,
644 2712 771 2774 Thebas.

318 2859 443 2921 Maximo
467 2873 583 2919 carmen
601 2863 721 2916 tenuare
742 2864 869 2935 tempto;

317 2944 401 3005 Nunc
423 2943 459 3003 ab
479 2944 591 3003 intonsa
612 2940 753 3020 capienda
774 2951 868 3017 myrto

319 3028 420 3103 Serta,
444 3046 518 3088 nunc
539 3026 630 3086 maior
647 3026 728 3104 sitis,
751 3035 781 3087 et
802 3024 946 3087 bibendus

482 3108 597 3171 Castior
617 3111 717 3171 amois.

319 3251 440 3327 Quando
462 3263 491 3313 te
516 3251 593 3313 dulci
614 3253 696 3314 Latio
717 3254 882 3317 remittent¹

319 3336 469 3398 Dalmatae
490 3346 621 3415 montes,
644 3339 693 3399 ubi
712 3339 779 3401 Dite
801 3340 866 3400 viso

317 3416 444 3483 Pallidus
464 3422 565 3482 fossor
585 3422 661 3483 redit
682 3433 826 3503 emtoque

483 3502 633 3568 Concolor
654 3507 748 3568 auro‘l

317 3648 398 3710 llccc
416 3667 462 3711 me
480 3659 575 3711 natum
597 3650 737 3730 propiore
757 3660 835 3712 terra

316 3733 382 3796 Non
398 3742 493 3797 tamen
514 3745 601 3816 portu
621 3737 745 3797 retinent
767 3752 890 3797 amoeno
