3134 4434
322 419 405 492 144,
654 430 686 480 n.
708 430 843 481 nanuum
865 430 981 482 suarm

320 586 442 652 Gentis?
463 596 493 648 et
512 586 541 648 iu
562 587 705 665 tumulos,
728 589 754 649 sl
774 586 844 668 quid
864 587 940 648 rnale
962 587 1043 649 foeta
1065 587 1199 670 reliquit

318 674 429 751 hlater,
450 672 532 734 altire
551 669 658 734 iubes?
693 672 827 734 Thracen
849 672 995 752 silvasque
1017 671 1178 754 Lycurgi?
1287 687 1335 744 180

318 760 403 820 Anne
420 757 609 837 triumphatos
630 756 738 836 ingiam
759 758 890 837 captivus
912 757 949 819 ad
969 753 1080 818 ludos?

317 843 363 905 Da
386 843 486 904 sedem
508 840 645 922 profugo.
685 841 780 903 Potuit
802 841 921 903 Latonia
942 841 1035 902 irater

318 929 397 990 Saxa
418 963 460 975 —-
480 945 536 988 uec
555 927 671 989 invideo
691 961 735 975 -
752 926 884 1004 deligere
902 926 999 987 Delon
1020 936 1051 988 et
1068 929 1139 992 imis

319 1011 528 1075 Commendare
544 1010 638 1072 iretis.
681 1008 756 1072 Cara
774 1011 919 1072 submovit
940 1010 976 1072 ah
995 1028 1066 1075 arce

317 1096 447 1159 Hostiles
469 1096 596 1158 Tritonis
616 1112 721 1176 aquas;
743 1096 803 1156 nidi
824 1097 890 1176 ipse
909 1104 1058 1177 potentem
1284 1112 1331 1168 185

318 1181 458 1244 Gentibus
477 1180 549 1242 Eois
569 1179 721 1261 Epaphum
745 1179 816 1241 dare
837 1181 917 1260 iura,
938 1199 994 1242 nec
1012 1181 1089 1243 ullas

319 1265 443 1345 Cyllene
466 1273 581 1327 secreta
602 1265 686 1327 tahas
704 1263 840 1328 Minoave
862 1275 945 1327 curat

317 1351 377 1414 lda.
420 1350 495 1426 Quid
515 1350 572 1411 heu
593 1358 702 1412 tantum
720 1351 829 1411 nostris
849 1349 1007 1411 offenderis
1028 1349 1110 1412 aris?

316 1437 371 1498 llic
391 1436 459 1514 tihi,
479 1435 594 1517 quando
612 1435 706 1495 minor
727 1434 784 1496 iam
804 1443 903 1496 nostra
927 1435 1072 1514 potentia,
1095 1445 1213 1500 noctes

316 1520 479 1582 Herculeae
500 1519 683 1600 placitusque
705 1538 800 1598 vagae
820 1517 982 1596 Nycteidos
1004 1519 1102 1598 ardor,
1280 1536 1330 1592 190

316 1605 371 1667 llic
392 1604 508 1681 Tyrium
527 1622 622 1683 genus
643 1613 673 1665 et
694 1613 795 1665 nostro
817 1604 935 1666 felicior
955 1606 1023 1682 igue

317 1689 442 1751 Taurus:
465 1689 642 1768 Agenoreos
659 1688 762 1749 saltem
783 1698 878 1750 tutare
893 1693 1047 1769 nepotes?

377 1773 516 1835 Invidiam
535 1773 599 1836 risit
621 1782 724 1854 pater,
747 1783 776 1834 et
794 1774 850 1834 iarn
872 1775 985 1854 poplite
1006 1773 1115 1835 hexam

316 1860 558 1938 sternentemque
578 1874 679 1919 manus
698 1859 870 1938 tranquillus
892 1859 928 1920 ad
953 1858 1054 1920 oscula
1073 1859 1152 1922 tollit

314 1943 406 2023 Inque
425 1944 519 2004 vicem
537 1943 652 2024 placida
674 1960 742 2006 orsa
760 1943 868 2004 refert:
892 1941 977 2004 ‘Non
994 1939 1127 2022 coniugis
1149 1947 1210 2009 ista
1311 1960 1323 1974 ·

316 2027 469 2106 Consiliis,
494 2037 525 2089 ut
546 2046 630 2107 rere,
652 2046 743 2108 puer,
765 2046 821 2089 nec
839 2045 928 2090 saeva
949 2024 1064 2107 roganti

316 2115 367 2176 Sic
389 2123 530 2193 expostus
551 2130 625 2192 ego:
646 2115 755 2174 inmoto
775 2112 944 2175 deducimur
966 2112 1039 2174 orhe

314 2197 465 2273 Fatorum
485 2208 602 2260 veteres
628 2216 772 2278 seraeque
794 2199 824 2259 iu
841 2197 955 2278 proelia
976 2214 1093 2259 causae.

314 2282 387 2344 Nam
410 2284 456 2344 cui
477 2293 554 2344 tants
576 2284 658 2362 quies
679 2285 803 2361 irarum,
826 2292 875 2344 aut
896 2284 1043 2362 sanguinis
1061 2298 1131 2341 usus

313 2369 433 2430 Parcior
453 2365 590 2428 humani?
631 2367 720 2429 Videt
737 2369 802 2428 axis
823 2376 854 2428 et
873 2368 928 2429 ista
945 2386 1002 2449 per
1022 2382 1127 2428 aevum

313 2451 428 2513 hlecum
446 2461 565 2513 aeterna
583 2451 700 2529 domus,
722 2453 857 2531 quotiens
873 2452 935 2513 iam
954 2462 1031 2514 torta
1052 2466 1196 2531 reponam

313 2536 459 2613 Fulmina,
483 2554 568 2616 quarn
589 2555 672 2598 rarus
693 2537 779 2597 terris
802 2536 849 2597 hic
870 2537 995 2617 imperet
1016 2537 1103 2615 ignis.

313 2621 390 2696 Quin
411 2621 496 2681 etiam
515 2621 620 2681 invitus
637 2639 741 2699 magna
761 2621 990 2701 uleiscendaque
1011 2621 1108 2703 passis

313 2706 372 2767 Aut
393 2705 529 2786 Lapithas
551 2705 648 2784 Marti,
672 2714 721 2768 aut
740 2715 873 2767 ueterem
894 2705 1033 2768 Calidona
1054 2706 1167 2767 Dianae

312 2791 489 2871 Expugnare
511 2791 594 2861 dedi;
614 2809 738 2871 meaque
759 2801 806 2852 est
824 2792 951 2868 iactura,
973 2793 1115 2871 pigetque

313 2876 369 2937 Tot
390 2884 500 2937 mutare
520 2877 645 2954 animas,
667 2884 711 2937 tot
732 2875 857 2939 reddere
880 2894 1005 2957 corporo
1025 2877 1113 2937 vitae.

311 2959 472 3022 Labdacios
493 2978 565 3023 vero
587 2961 767 3042 Pelopisque
789 2980 806 3023 a
828 2961 921 3041 stirpe
936 2970 1061 3041 nepotes

311 3044 436 3106 'lardum
455 3045 576 3109 abolere
597 3046 679 3116 mihi;
701 3046 760 3106 scis
781 3047 864 3127 ipse,
885 3055 917 3106 ut
937 3047 1055 3106 crimina
1076 3040 1188 3106 mittam

310 3130 436 3208 Dorica,
461 3149 545 3211 quam
564 3138 717 3211 promptae
738 3148 866 3211 superos
884 3131 1036 3192 incessere
1058 3128 1193 3209 Thebae,

312 3215 354 3276 Te
376 3232 510 3294 quoque;
533 3215 586 3276 sed
608 3216 742 3295 quoniam
760 3225 847 3276 vetus
866 3215 975 3277 excidit
994 3214 1051 3290 ira,
1074 3214 1184 3277 silebo.

310 3299 377 3360 Non
394 3309 490 3360 tumen
511 3308 560 3362 aut
580 3301 675 3381 patrio
696 3318 853 3380 respersus
874 3300 1015 3378 sanguine
1036 3299 1198 3380 Pentheus,

311 3385 370 3445 Aut
388 3394 509 3445 matrem
528 3385 696 3447 scelerasse
715 3386 805 3464 toris,
828 3394 878 3447 aut
900 3386 1019 3446 crimine
1039 3384 1146 3446 iratres

311 3470 506 3549 Progenuisse
524 3488 593 3531 reus
614 3470 715 3532 lacero
733 3479 781 3531 tua
803 3470 894 3532 lustra
915 3468 1044 3550 replevit

310 3553 440 3623 Funere;
462 3554 512 3615 uhi
532 3554 635 3632 fletus,
657 3555 706 3616 ubi
729 3564 797 3616 tuuc
817 3573 865 3618 ars
887 3564 964 3616 tanta
985 3551 1145 3634 precandi?

310 3639 365 3700 Ast
388 3657 446 3718 ego
464 3657 523 3700 non
543 3641 664 3721 proprio
685 3639 765 3701 diros
785 3640 913 3719 inpendo
934 3638 1030 3700 dolori

310 3722 571 3807 Oedipodionidas:
592 3733 680 3808 rogat
700 3725 759 3790 hue
779 3724 928 3805 tellusque
950 3723 1095 3804 polusque
1173 3790 1177 3795 ,
