3134 4434
283 437 344 500 196
610 448 642 497 Ρ.
668 448 802 498 anunm
822 446 938 498 suurn

283 606 365 668 lllius
385 621 536 683 exangues
556 604 667 666 humeri
688 615 719 666 et
738 603 874 685 perfossa
895 612 1059 684 patescunt

281 692 424 766 Pectora,
448 691 615 752 censentis
635 690 695 752 alt'e
716 706 802 768 quum
823 690 900 750 elata
920 688 1037 749 resedit

252 770 255 776 ’
284 776 473 854 Tempestas,
492 783 613 852 snrgunt
632 775 763 853 scopuli,
787 775 977 853 quaesitaque
997 777 1103 835 nautis

283 859 391 936 Terra,
415 869 445 920 et
465 859 501 921 ab
523 858 638 919 infestis
657 859 839 922 descendunt
858 875 988 938 aequora
1009 862 1110 920 saxis.
1247 873 1287 926 εὖ

348 943 423 1018 Quid
444 947 522 1024 ripas
543 945 672 1004 tenuisse
694 941 792 1004 iuvat?
814 945 919 1024 premit
935 943 1070 1022 undique
1092 946 1203 1008 nimbo

282 1030 420 1092 Telorum
439 1029 599 1090 Phoenissa
619 1028 743 1105 cohors,
767 1046 824 1089 noc
844 1029 971 1106 tegmina
994 1029 1148 1091 membris

281 1116 364 1192 Ulla,
385 1115 537 1194 omnisque
555 1121 636 1193 patet
658 1113 734 1182 leto;
756 1123 825 1174 tuuc
846 1114 966 1175 vulnera
986 1124 1124 1191 manant,
1184 1157 1190 1165 ·

283 1201 398 1278 Quique
421 1199 474 1258 sub
496 1216 580 1259 amne
599 1197 647 1257 diu
668 1200 775 1278 stupuit
797 1215 900 1274 cruor,
920 1215 989 1258 aere
1010 1200 1095 1260 nudo

283 1286 427 1360 Solvitur,
449 1292 479 1344 et
495 1293 598 1344 tenues
616 1300 754 1343 venarum
775 1282 854 1343 laxat
874 1283 978 1357 hiatus,
1245 1295 1289 1348 530

281 1369 447 1448 lucentique
468 1367 567 1429 labant
584 1367 722 1428 undarum
741 1369 852 1445 frigore
874 1385 1005 1445 gressus.

281 1453 461 1530 Procumbit,
485 1452 587 1513 Getico
607 1452 700 1531 qualis
720 1452 884 1533 procumbit
903 1453 931 1511 ln
949 1451 1063 1512 Haemo

283 1541 343 1601 Seu
364 1538 477 1599 Boreae
496 1537 596 1614 iuriis,
620 1540 696 1616 putri
718 1556 771 1598 seu
792 1536 900 1598 robore
922 1554 1050 1615 quercus

283 1623 378 1685 Coelo
399 1624 486 1683 mixta
509 1639 607 1682 comas
624 1624 829 1700 ingentemque
849 1639 919 1682 aera
939 1621 1027 1682 laxat.

283 1708 366 1771 lllam
387 1716 531 1767 nutantem
552 1724 652 1765 nemus
673 1716 703 1766 et
723 1723 806 1767 mons
823 1708 888 1786 ipsc
908 1707 1063 1781 tremiscit,
1246 1719 1287 1773 53³

284 1792 348 1868 Qua
370 1791 476 1851 tellure
499 1791 598 1865 cadat,
622 1808 693 1870 quas
715 1791 819 1852 obruat
838 1791 939 1851 ordine
961 1789 1062 1851 silvas.

344 1876 410 1936 Non
430 1885 525 1936 tamen
546 1884 595 1936 aut
613 1892 713 1935 ensem
733 1876 886 1952 galeamve
909 1874 1029 1936 audacia
1057 1877 1207 1955 culquam

284 1961 434 2039 Tangere3
455 1962 505 2020 vix
522 1961 642 2020 credunt
665 1961 774 2036 oculis,
796 1962 981 2038 ingentiaque
1003 1958 1131 2020 horrent

281 2047 412 2122 Funera,
436 2054 466 2105 et
486 2045 632 2106 adstrictis
656 2046 798 2106 accedunt
818 2046 947 2106 cominus
968 2045 1067 2104 armis.

285 2131 412 2192 Tandem
434 2130 502 2190 adiit
520 2129 673 2209 Hypseus,
693 2130 885 2210 capulumque
903 2132 932 2189 in
954 2137 1047 2189 morte
1070 2136 1194 2193 tenenti
1245 2143 1289 2198 eto

283 2215 432 2291 Extrahit,
456 2224 486 2275 et
507 2223 607 2275 torvos
630 2215 737 2276 laxavit
755 2215 870 2274 casside
890 2213 996 2291 vultus,

284 2301 368 2380 Itque
390 2318 444 2379 per
459 2299 571 2360 Aonios
590 2300 648 2360 alte
667 2317 805 2360 mucrone
826 2315 950 2359 corusco

285 2387 463 2464 Suspensam
485 2393 633 2445 ostentans
650 2385 764 2462 galeam
787 2393 816 2444 et
838 2384 967 2444 clamore
989 2384 1146 2460 superbit:

286 2468 357 2528 ‘llic
379 2469 459 2528 ierus
479 2467 698 2547 Hippomedon,
716 2468 763 2528 hic
786 2468 976 2530 formidabilis
996 2467 1075 2527 ultor

286 2553 405 2629 Tydeos
423 2552 530 2613 infandi
550 2552 773 2631 debellatorque
790 2555 901 2614 cruenti
1245 2568 1289 2621 sle

286 2637 434 2715 Gurgitis)
474 2637 602 2714 Agnovit
622 2637 709 2714 longe
732 2639 897 2717 pressitque
920 2637 1051 2698 dolorem

285 2722 483 2800 Magnanimos
508 2719 676 2800 Capaneus,
696 2722 844 2803 telumque
866 2725 978 2782 inmune
1001 2721 1119 2783 lacerto

285 2807 422 2869 Hortatur
443 2807 566 2873 librans:
590 2807 684 2868 ‘Ades
705 2824 723 2867 o
745 2807 829 2884 mihi,
851 2809 988 2883 dextera,
1007 2815 1121 2868 tantum

286 2892 329 2951 Tu
351 2911 493 2972 praesens
516 2891 602 2953 bellis
624 2900 654 2952 et
671 2892 840 2953 inevitabile
858 2910 973 2967 numen,

286 2976 329 3037 Te
350 2994 442 3054 voco,
465 2987 494 3036 te
516 2977 608 3038 solam
626 2995 762 3056 superum
785 2986 967 3056 contemptor
988 2975 1104 3036 adoro.'
1246 2997 1291 3050 tit

351 3062 400 3122 Sic
419 3064 473 3137 ait,
494 3071 523 3122 et
543 3064 604 3122 voti
624 3079 694 3122 sese
716 3061 786 3122 lacit
806 3064 870 3141 ipse
893 3070 1050 3141 potentem.

287 3145 312 3206 lt
333 3146 522 3206 tremebunda
542 3146 625 3207 abies
645 3146 771 3226 clipeum
792 3165 847 3226 per
868 3156 897 3207 et
917 3163 1005 3207 aerae
1024 3154 1116 3223 terga

287 3229 409 3290 loricae
431 3231 605 3311 tandemque
626 3232 746 3292 animam
769 3230 823 3291 sub
845 3241 970 3311 pectore
990 3248 1098 3308 magno

287 3314 460 3394 Deprendit;
482 3317 537 3375 ruit
558 3315 633 3377 haud
655 3316 712 3376 alio
733 3333 818 3395 quam
840 3317 921 3377 celsa
942 3317 1061 3392 fragore

289 3399 404 3476 Turris,
427 3399 476 3459 ubi
495 3400 658 3461 innumeros
677 3401 792 3480 penitus
814 3411 948 3479 quassata
968 3418 1024 3479 per
1045 3401 1126 3463 ictus
1250 3424 1295 3476 555

286 3483 404 3545 Labitur
424 3485 630 3564 effractamque
652 3487 747 3563 aperit
766 3486 927 3546 victoribus
946 3484 1056 3545 urbem.

289 3567 342 3628 Cui
363 3587 452 3649 super
473 3570 628 3629 assistens:
652 3569 735 3630 ‘Non
757 3570 908 3631 infitiamur
926 3570 1066 3631 honorem

288 3651 405 3730 llortis,
428 3655 483 3730 ait,
505 3654 586 3714 reler
606 3654 662 3715 huc
683 3655 802 3731 oculos,
826 3672 883 3733 ego
903 3655 1031 3716 vulneris
1054 3672 1185 3740 auctor;

277 3736 387 3802 Laetos
408 3739 472 3822 ahi,
496 3739 679 3825 multumque
699 3740 767 3804 aliis
786 3741 942 3802 iactantior
959 3738 1086 3797 maturis.
