3134 4434
574 463 774 514 annuemus
796 465 865 514 mn.
886 465 935 513 xr.
1194 453 1256 516 237

253 623 323 702 lpse
346 639 401 682 nec
421 620 529 682 Ismeni
551 621 647 699 ripas,
669 622 736 681 dum
756 629 858 699 stagna
881 632 1012 684 cruentat

254 707 475 787 Hippomedon,
499 706 601 782 Tyrias
624 707 705 785 potui
726 724 782 766 nec
804 707 948 768 scandere
968 716 1075 785 turres,
1205 717 1257 772 180

254 793 331 854 Dum
352 800 450 868 tonat,
473 801 502 851 et
523 800 636 867 tecum,
659 789 816 870 Capaneu,
841 795 966 853 miscere
987 790 1128 853 furores?

208 863 216 904 ¹
256 877 328 952 Quis
349 885 444 937 tantus
466 894 520 956 pro
539 876 606 936 luce
629 873 733 935 tImor?
756 876 810 936 sed
826 877 918 954 digna
937 878 1105 956 rependam.

257 961 439 1022 Conveniant
459 961 632 1039 ubicumque
654 979 742 1020 nurus
762 969 928 1040 matresque
949 962 1093 1040 Pelasgae

208 1032 217 1078 ¹
254 1047 464 1125 longaevique
485 1054 602 1126 patres,
626 1063 748 1124 quorum
768 1054 812 1106 tot
832 1046 937 1124 gaudia
960 1049 1057 1126 carpsi

209 1192 210 1200 ,
257 1131 425 1210 orbavique
447 1131 564 1199 domos;
587 1130 670 1190 fratri
690 1148 850 1208 concurro,
874 1131 942 1210 quid
964 1131 1038 1191 ultra
1060 1130 1126 1193 est?
1206 1145 1255 1199 185

208 1208 214 1250 ¹
256 1217 401 1295 spectent
422 1226 451 1276 et
472 1217 549 1276 votis
568 1217 711 1276 victorem
732 1214 876 1276 Eteoclea
897 1224 1030 1295 poscant.

254 1300 375 1379 lamque
395 1300 481 1378 vale,
506 1301 628 1376 coniux,
651 1299 931 1379 dulcesquevalete
950 1299 1103 1376 Mycenae.

257 1385 298 1445 At
319 1393 365 1461 tu,
388 1403 458 1446 care
479 1402 584 1461 socer,
601 1418 645 1431 -·
664 1403 721 1445 nec
741 1387 817 1445 enim
839 1386 931 1446 omnis
951 1385 1036 1464 culpa
1055 1387 1196 1449 malcrum

257 1469 306 1530 ble
325 1488 435 1550 penes,
459 1479 489 1529 et
510 1471 610 1548 superi
628 1487 741 1529 mecum
760 1469 930 1550 Parcaeque
951 1480 1092 1531 nocentes
1114 1507 1155 1519 -·-

258 1556 307 1616 Sis
330 1555 405 1615 lenis
426 1556 535 1630 cineri,
558 1572 665 1633 meque
686 1554 761 1616 haec
781 1564 852 1634 post
873 1555 986 1635 proelia
1003 1564 1115 1636 raptum
1207 1571 1258 1626 190

257 1638 386 1700 Alitibus
403 1640 544 1718 fratrique
565 1647 651 1717 tegas
672 1657 803 1719 urnaque
821 1649 969 1719 reportes.

211 1703 218 1763 ¹
257 1723 323 1785 lloc
344 1733 467 1801 tantum,
491 1733 521 1784 et
542 1733 628 1784 natae
648 1725 751 1784 melius
771 1724 896 1785 conubia
917 1725 1042 1803 iungas?

324 1807 456 1869 ibantin
477 1809 628 1882 lacrimas,
649 1809 741 1869 veluti
762 1826 849 1887 quum
865 1829 937 1870 vere
959 1828 1080 1872 reverso

208 1888 217 1936 ¹
257 1893 405 1954 Bistoniae
428 1903 551 1974 tepuere
572 1895 672 1971 nives,
695 1893 869 1955 submittitur
887 1897 990 1972 ingens

208 2051 211 2062 ι
257 1978 401 2054 Haemus,
424 1987 453 2038 et
472 1988 610 2055 angustos
630 1977 775 2058 Rhodope
795 1979 947 2040 descendit
969 1981 998 2039 in
1017 1999 1124 2042 amnes.
1207 1993 1258 2048 195

208 2064 216 2108 ¹
260 2063 411 2142 Coeperat
431 2059 461 2123 et
483 2063 541 2122 leni
563 2065 662 2122 senior
681 2064 811 2123 mulcere
833 2064 975 2124 furentem

259 2147 415 2225 Alloquio;
442 2147 527 2208 scidit
548 2164 616 2206 orsa
637 2165 714 2208 novo
736 2157 851 2208 terrore
873 2156 993 2208 cruenta

259 2231 414 2310 Eumenis,
438 2231 642 2310 alipedemque
664 2233 750 2292 citam
769 2232 926 2311 fataliaque
948 2251 1035 2311 arma,

260 2316 395 2378 Protinus
417 2315 526 2376 Inachii
543 2316 639 2376 vultus
660 2335 803 2396 expressa
823 2317 950 2377 Perinthi

262 2399 373 2461 Obtulit
393 2420 428 2463 ac
449 2401 522 2461 iudas
545 2400 670 2462 exclusit
692 2402 808 2463 casside
827 2419 930 2462 voces.
1208 2416 1260 2470 noo

261 2484 308 2544 Ac
331 2487 531 2567 superhaec:
556 2485 719 2566 ‘Abrumpe
739 2504 851 2548 moras:
875 2487 1055 2564 celeremus,
1078 2496 1108 2548 et
1127 2488 1206 2549 illum
1254 2532 1256 2537 -

208 2564 214 2624 l
260 2569 431 2632 Adventare
449 2571 545 2631 ierunt
564 2573 679 2650 portis)
718 2572 769 2633 Sic
792 2574 886 2633 omnia
908 2573 977 2633 vicit

263 2654 497 2735 Correptumque
516 2657 615 2717 iniecit
637 2674 729 2736 equo;
753 2659 834 2718 volat
854 2675 984 2737 aequore
1004 2665 1107 2735 aperto

261 2738 390 2800 Pallidus
411 2742 624 2820 instantemque
645 2742 719 2801 deae
742 2744 939 2822 circumspicit
960 2740 1096 2801 umbram.

209 2823 211 2878 l
328 2825 419 2884 Sacra
439 2823 503 2885 Iovi
523 2827 627 2884 merito
650 2824 754 2900 Tyrius
775 2844 829 2905 pro
851 2826 970 2886 fulmine
992 2826 1096 2885 ductor
1210 2836 1261 2889 205

262 2908 463 2988 Nequidquam
482 2907 600 2968 Danaos
620 2918 698 2968 ratus
719 2928 887 2970 exarmasse
908 2908 1034 2970 ferebat.

208 3008 214 3052 t
263 2993 328 3055 Nec
351 3001 434 3071 pater
455 2992 603 3052 aetherius
623 2992 778 3074 dirumque
796 2996 849 3056 has
870 2995 947 3055 ullus
968 2993 1004 3054 ad
1026 3011 1103 3069 aras,

264 3078 326 3140 Sed
347 3076 423 3138 mala
445 3075 603 3156 Tisiphone
624 3079 747 3157 trepidis
766 3081 874 3140 inserta
895 3080 1032 3140 ministris

208 3180 214 3221 t
265 3162 371 3223 Adstat
392 3170 422 3222 et
444 3160 557 3222 inferno
580 3163 740 3241 praevertit
760 3174 829 3226 vota
851 3164 983 3225 Tonanti.

329 3247 462 3307 ‘Summe
478 3246 580 3322 deum,
598 3246 649 3307 tibi
660 3267 783 3328 namque
794 3268 878 3310 meae
889 3246 1046 3329 primordia
1057 3246 1187 3326 Thebae,
1210 3258 1263 3312 alo

265 3332 366 3392 Liveat
388 3331 533 3393 infandum
554 3331 624 3392 licet
641 3331 740 3410 Argos
759 3343 790 3395 et
807 3351 914 3414 aspera
935 3333 1017 3409 luno,

266 3415 399 3491 Debent,
422 3417 558 3478 Sidonios
581 3436 619 3477 ex
642 3435 699 3496 quo
721 3438 777 3499 per
799 3420 884 3480 litora
905 3427 1006 3498 raptor

267 3501 403 3561 'larbasti
422 3500 561 3578 thyasos,
582 3503 716 3580 dignatus
734 3505 848 3583 virgine
869 3513 969 3565 nostru

267 3585 364 3663 'Perga
385 3587 477 3664 premi
496 3596 525 3646 et
544 3586 676 3666 placidas
699 3588 804 3649 falsum
822 3590 935 3667 mugire
955 3607 1011 3668 per
1031 3587 1136 3650 undas!

265 3671 330 3731 Nec
349 3680 379 3731 te
397 3687 471 3731 vana
490 3670 579 3748 fides,
600 3673 703 3733 iterum
723 3671 861 3735 Cadmeia
881 3673 1017 3754 adeptum
1213 3680 1265 3734 ‘lit

268 3753 414 3833 Conubia,
437 3763 468 3817 et
487 3754 592 3832 Tyrios
614 3759 730 3820 nimium
750 3759 895 3840 inrupisse
916 3768 1049 3840 penates.
