3134 4434
305 460 364 521 tlt
641 474 674 521 e.
696 473 832 522 eanum
851 473 970 522 snam
1081 488 1099 519 ·

305 631 438 703 frontis,
463 638 493 689 et
513 628 640 689 oblatam
661 629 811 705 Polynicis
831 648 952 689 munere
971 641 1065 707 grato

305 717 436 778 Loricam
456 714 631 793 galeamque
650 714 742 781 subit:
763 714 846 774 ierus
864 715 974 774 Actora
993 734 1110 794 magno

305 800 385 862 Ense
405 808 510 876 gravat
527 797 698 879 Capaneus,
725 800 791 878 ipsc
811 799 887 859 hand
905 799 1043 877 dignatus
1064 805 1096 862 in
1122 805 1247 869 humen

306 885 352 946 lre
374 884 445 945 dolo
466 901 651 963 superosque
670 885 769 962 sequi;
789 893 935 963 permutat
953 884 1111 962 Agylleus

306 971 395 1030 Arma
417 970 507 1029 trucis
528 967 638 1028 Nomii:
667 969 736 1047 quial
758 971 835 1028 euim
852 969 1022 1029 ialleutshns
1044 973 1170 1035 umbris
1274 989 1317 1045 sun

306 1054 418 1129 Arcus,
442 1062 471 1113 et
493 1053 657 1113 Herculeae
677 1055 819 1114 iuvissent
836 1052 917 1114 helle
933 1053 1086 1131 sagittae?

371 1138 441 1199 lude
462 1156 518 1216 per
537 1137 678 1218 abruptas
698 1147 861 1198 castrorum
880 1157 920 1198 ex
939 1156 1056 1216 aggere
1077 1144 1209 1225 pinnas,

306 1224 352 1286 tte
372 1224 470 1301 gravis
492 1222 638 1283 exclamet
657 1233 761 1301 portae
781 1224 907 1300 mugitus
925 1222 1052 1301 ahene,

306 1309 500 1388 Praecipitant
520 1306 612 1374 saltn:
637 1307 849 1386 neomagum,
874 1316 905 1366 et
923 1309 1058 1386 protinus
1079 1312 1201 1390 ingens

305 1392 416 1454 Praeda
438 1391 504 1452 solo
526 1409 581 1452 ceu
601 1393 658 1452 iam
679 1395 829 1453 exanimes
849 1392 999 1470 multoque
1018 1400 1146 1472 peracti
1273 1412 1314 1467 265

305 1477 386 1540 Ense
408 1479 514 1537 iacent.
555 1475 630 1553 ‘lte‚
654 1493 673 1536 o
694 1478 787 1553 socii,
808 1494 989 1556 quacumque
1010 1479 1165 1559 voluptas

307 1562 413 1625 Caedis
436 1561 624 1622 inexhaustae
645 1564 820 1642 superisque
839 1561 1021 1638 lavemus,
1046 1581 1119 1643 oro,

306 1647 457 1724 Sollicite,
478 1646 610 1706 hortatur
630 1646 710 1707 clara
728 1648 783 1706 iam
803 1662 882 1706 voce
902 1646 1063 1727 sacerdos:

308 1730 434 1793 cernitis
456 1732 607 1810 expositas
627 1733 704 1810 turpi
724 1748 859 1792 marcore
881 1730 1032 1791 cohortes.

305 1816 363 1879 Pro
385 1814 493 1894 pudor!
526 1814 683 1892 Argolicus
704 1815 771 1875 hine
792 1816 855 1875 ausi
876 1815 1014 1876 obsidere
1036 1828 1164 1901 portas,
1273 1834 1315 1891 rto

305 1902 341 1963 lli
364 1917 484 1961 servare
502 1896 625 1959 uirosi’
659 1901 710 1960 Sic
730 1898 823 1976 latus,
846 1909 877 1960 et
898 1901 978 1959 exuit
998 1919 1106 1963 ensem

305 1985 483 2048 Fulmineum
503 1983 664 2064 rapidaque
683 2003 767 2045 mann
789 1986 940 2044 morientia
960 1988 1065 2047 transit

306 2072 440 2149 Agmina.
480 2068 552 2145 Quis
572 2079 704 2130 numeret
725 2070 851 2144 caedes,
872 2079 922 2130 ant
941 2072 1058 2131 nomine
1078 2077 1208 2140 turbam

306 2154 476 2217 Exanimem
498 2156 615 2232 signare
637 2151 747 2234 queat?
775 2153 852 2214 suhit
872 2154 973 2214 ordine
997 2155 1080 2216 nullo

306 2240 461 2319 Tergaque
480 2248 678 2318 pectoraque,
701 2248 731 2299 et
751 2239 847 2316 galeis
866 2238 978 2299 incluso
999 2238 1148 2321 relinquit
1274 2259 1315 2316 m
1340 2308 1343 2323 ἰ

304 2324 450 2386 hlurmuru
471 2324 688 2403 permiscetque
708 2341 803 2402 vagos
822 2325 852 2383 iu
872 2325 1012 2401 sangnine
1032 2342 1164 2392 manes:
1338 2374 1342 2385 .

305 2408 388 2471 llunc
409 2417 520 2467 temere
542 2409 710 2486 explicitum
733 2408 846 2484 stratis,
869 2408 944 2468 hunc
963 2425 1032 2468 sero
1053 2417 1202 2479 remissis
1336 2458 1341 2479 .

306 2492 462 2555 Gressihus
480 2490 621 2570 inlapsum
645 2492 742 2571 clipeo
763 2502 793 2552 et
813 2493 889 2553 mule
912 2493 971 2553 tela
993 2502 1164 2579 tenentem,

308 2577 448 2639 Coetihus
469 2577 524 2635 hos
545 2575 647 2636 mediis
665 2578 732 2636 vina
754 2579 830 2637 inter
851 2586 880 2637 et
900 2595 978 2637 armo
999 2578 1151 2663 iacentes,

306 2661 446 2723 hcclines
469 2661 573 2739 clipeis
595 2660 687 2738 alios,
711 2670 741 2720 ut
762 2680 906 2740 quemque
928 2662 1047 2739 ligatum
1274 2686 1339 2741 m·

305 2747 411 2809 lnielix
430 2745 536 2807 tellure
555 2761 647 2825 sopor
668 2763 863 2825 supremaque
880 2747 973 2807 nnhes

306 2831 459 2893 Obruerat.
501 2828 566 2891 Nec
586 2849 689 2890 numen
710 2830 809 2907 abest,
832 2841 999 2910 armatoque
1019 2829 1093 2893 luno

305 2916 446 2978 honorem
469 2916 600 2994 quatiens
623 2925 725 2976 exerta
748 2916 878 2995 lampada
900 2916 1003 2976 dextra

304 2999 407 3062 Pandit
427 3003 483 3062 iter
504 3000 653 3078 firmatque
675 3001 786 3060 animos
808 3010 837 3060 et
858 3017 983 3080 corpora
1005 3011 1167 3069 monstrat.

307 3086 400 3145 Sentit
421 3086 526 3146 adesse
551 3085 634 3145 deam
653 3087 774 3162 tacitus,
801 3085 854 3145 sed
874 3085 979 3163 gaudie
1001 3085 1081 3146 celat
1275 3108 1317 3163 ἢ
1338 3116 1342 3149 ε

307 3168 494 3236 Thiodamas:
517 3171 573 3230 iam
594 3169 675 3229 turdo
697 3187 813 3243 munus,
839 3172 895 3230 iam
914 3169 1011 3230 dehile
1032 3169 1150 3236 ferrum

306 3252 344 3314 Et
367 3253 528 3329 caligantes
548 3255 640 3313 nimiis
662 3254 850 3314 successibus
871 3257 942 3315 irae.

307 3336 414 3416 Cuspio
436 3352 493 3395 non
515 3338 601 3398 aliter
620 3355 788 3416 magnorum
808 3341 837 3399 in
857 3349 956 3416 strage
976 3341 1137 3407 iuvencum

307 3422 419 3500 Tigris,
442 3419 492 3480 ubi
510 3422 639 3482 inmenso
660 3422 758 3483 rabies
777 3423 892 3502 placata
915 3441 1020 3484 cruore

306 3506 494 3584 Lossavitque
517 3522 608 3582 geues
627 3517 657 3567 et
679 3524 780 3568 crasso
802 3508 919 3570 sordida
937 3507 1006 3568 taho
1272 3531 1314 3588 Μ

307 3589 442 3651 Contudit
461 3588 604 3666 maculas,
626 3601 741 3669 spectat
762 3611 814 3654 sna
836 3593 912 3654 locta
931 3593 1071 3672 doletque

306 3672 462 3735 Deleeisse
484 3675 597 3733 lumem.
637 3674 739 3736 Victus
760 3679 803 3737 sic
822 3695 914 3754 augur
931 3680 1039 3738 inerrat

307 3756 453 3819 Caedihus
473 3758 590 3827 Aoniis;
615 3768 697 3839 optet
717 3779 792 3821 nnuc
814 3761 932 3823 brachia
951 3771 1066 3824 centum
