3134 4434
602 487 804 566 tenesmos
821 488 892 537 nlo.
909 489 958 538 11.

235 665 245 708 ι
285 648 367 709 llunc
386 663 497 707 morem
518 644 595 706 fandi
614 645 721 722 longae
742 645 844 705 iecere
863 644 1013 724 querelae.

235 745 239 794 l
286 733 349 794 Nec
368 733 424 792 soli
445 730 527 790 ferus
546 732 603 790 iste
622 729 687 798 tibi;
710 731 752 790 sic
773 729 831 790 fata
849 730 984 808 deosque

285 818 466 896 Alloquitur;
490 816 577 876 durus
599 814 676 874 luctu
697 814 849 895 facilisque
872 833 930 875 nec
946 814 1002 892 ipsi

286 904 382 982 Saepe
403 899 485 968 mibi;
507 899 620 979 pridem
637 899 776 959 indomito
798 899 851 959 sub
876 907 997 979 pectore
1019 897 1115 959 feruet

235 1007 245 1050 u
283 988 413 1048 Libertas
435 985 541 1045 misere
559 993 588 1044 et
606 1002 714 1044 saevae
734 1003 805 1064 spes
826 1001 931 1063 aspera
949 983 1060 1043 mortis.

235 1123 238 1138 .
284 1072 321 1133 Et
343 1088 419 1130 nunc
440 1087 513 1129 ecce
536 1078 599 1129 tuus
620 1070 714 1130 irritat
734 1069 858 1129 callidus
880 1070 939 1129 iras
1052 1128 1055 1137 ,

236 1146 237 1150 “
283 1154 519 1236 Suppliciumque
542 1154 636 1232 cupit;
658 1154 712 1214 sed
734 1163 764 1214 tu
785 1152 959 1230 maioribus,
982 1170 1047 1228 oro,

236 1245 239 1307 !
282 1240 399 1319 Imperii
417 1240 531 1318 potiare
551 1237 636 1298 bonis
657 1239 791 1318 altusque
812 1239 943 1299 iacentes

283 1326 472 1399 Praetereas,
495 1332 524 1382 et
544 1340 647 1400 magna
670 1323 774 1383 ducum
795 1340 919 1383 vereare
936 1323 1065 1402 priorum

235 1434 243 1481 t
282 1408 410 1477 Funera;
433 1416 463 1468 et
482 1407 530 1467 hic
552 1407 694 1486 quondam
716 1406 792 1467 solio
814 1406 943 1467 sublimis
963 1416 994 1467 et
1015 1404 1102 1466 armis

283 1495 408 1572 Septns,
427 1509 516 1571 ¹opem
533 1492 663 1569 miseris,
683 1494 746 1553 iura
767 1499 798 1552 et
818 1491 1008 1572 poscentibus
1029 1509 1139 1569 aequus

284 1575 531 1657 supplicibusque
552 1574 655 1653 dabat,
678 1578 724 1637 cui
745 1594 821 1636 nuuc
843 1595 881 1638 ex
902 1578 1015 1654 agmine
1035 1584 1114 1636 tunto

284 1662 347 1723 Una
369 1678 486 1736 comes,
508 1661 631 1721 necdum
650 1660 720 1722 exul
741 1669 816 1721 erat.
856 1660 1005 1723 Felicibus
1027 1660 1112 1722 bicne

285 1743 407 1806 Obstat?
426 1747 456 1805 in
476 1745 552 1806 bunc
570 1745 645 1806 odiis
664 1755 693 1806 et
712 1746 796 1823 regni
814 1745 923 1806 viribus
946 1742 1031 1806 exis?

283 1831 366 1892 Hunc
384 1830 478 1908 abigis
496 1827 606 1890 tectis?
626 1849 663 1891 an
681 1849 719 1891 ne
737 1847 833 1910 prope
854 1831 947 1890 limina
967 1829 1075 1891 clarum

283 1915 430 1993 lngemat,
452 1923 482 1975 et
502 1916 578 1975 votis
599 1915 817 1995 intempestivus
839 1911 980 1975 oberret?

282 2000 363 2060 Pone
385 2007 505 2075 metum,
529 2000 633 2078 procul
655 2017 748 2078 usque
768 2008 816 2059 tua
834 1998 982 2059 submotus
1002 1997 1039 2060 ab
1062 1999 1127 2059 aula

282 2083 393 2152 Flebit;
417 2101 474 2161 ego
497 2093 626 2143 erectum
646 2083 777 2161 subigam
799 2092 830 2143 et
851 2084 962 2143 servire
983 2082 1109 2158 docebo,

275 2167 424 2229 ¹coetibus
447 2167 587 2228 abducam
606 2167 729 2247 solaque
750 2169 779 2226 in
801 2168 872 2228 sede
890 2167 1055 2228 recondam.

282 2252 360 2314 Exul
382 2253 451 2322 erit3
474 2269 539 2312 nom
560 2269 635 2331 quae
656 2253 788 2329 migranti
812 2260 932 2313 externo
951 2250 1088 2331 patebunt

268 2334 421 2398 Moenia?
442 2338 486 2397 vis
507 2336 606 2415 Argos
627 2345 676 2396 eat
696 2335 878 2416 hostilesque
901 2335 1038 2412 Mycenas

283 2422 438 2501 Squalidus
460 2417 608 2501 inreptet?
628 2421 757 2500 victique
778 2421 814 2482 ad
834 2422 921 2482 limen
943 2420 1060 2483 Adrasti

282 2506 392 2567 Aonias
415 2515 513 2567 narret
531 2505 632 2567 clades
653 2514 827 2586 tenuemque
849 2514 986 2586 precetur

282 2591 349 2651 Rex
370 2589 524 2652 Thebanus
546 2588 653 2670 opem?
675 2591 800 2651 miserae
823 2590 892 2671 quid
916 2591 1034 2652 crimina
1054 2593 1151 2668 gentis

282 2675 430 2754 Pandere,
453 2676 520 2755 quid
543 2694 627 2736 casus
650 2676 728 2737 iuvat
746 2685 896 2738 ostentare
917 2673 1089 2755 pudendos?
1227 2686 1277 2742 735

284 2758 401 2837 Cende,
424 2777 548 2838 precor,
568 2760 769 2839 quodcumque
791 2778 904 2836 sumus,
927 2778 984 2820 nec
1003 2760 1090 2838 longa
1109 2779 1260 2839 precamur

236 2912 239 2923 Ι
283 2844 383 2920 Dona,
406 2841 518 2902 Creon:
540 2846 681 2903 miserere
703 2845 797 2920 senis,
816 2853 1006 2922 moestosque
1023 2847 1151 2923 parentis
1256 2866 1261 2885 =

283 2927 353 3000 llic,
376 2944 500 3007 precor,
523 2927 571 2987 hic
595 2945 694 2987 manes
716 2927 833 3006 indulge
857 2945 985 3008 ponere;
1009 2939 1089 2989 certe
1128 2939 1130 2942 ⁴

284 3011 439 3072 Thebanos
460 3012 589 3089 sepelire
611 3011 704 3072 licet?
746 3011 796 3072 Sic
818 3022 896 3089 orat,
918 3013 1052 3092 bumique

283 3097 433 3164 Volvitur;
453 3095 569 3156 abducit
589 3097 704 3173 genitor
725 3114 902 3176 saevumque
924 3100 1044 3157 minatur
1227 3107 1278 3162 740

283 3181 437 3258 indignans
457 3181 579 3240 venium.
622 3180 724 3255 Qualis
744 3180 794 3241 leo
815 3200 888 3261 rupe
911 3182 964 3242 sub
986 3181 1055 3258 alta,

283 3265 375 3340 Quem
395 3266 516 3326 viridem
539 3265 681 3344 quondam
703 3265 794 3326 siluae
817 3275 990 3346 montesque
1009 3267 1178 3345 tremebant,

281 3349 342 3411 Iam
359 3351 444 3428 piger
463 3359 492 3410 et
514 3350 603 3428 longo
624 3351 702 3410 iacet
723 3358 887 3412 exarmatus
907 3351 943 3412 ab
967 3368 1051 3427 aevo,

281 3433 386 3512 Magna
407 3443 502 3495 tamen
523 3435 616 3495 iacies
639 3442 668 3494 et
691 3451 749 3493 non
768 3434 898 3497 adeunda
920 3444 1072 3505 senectus;

282 3517 319 3578 lit
341 3520 365 3578 si
387 3518 526 3579 demissas
547 3520 644 3580 ueniat
664 3520 790 3596 mugitus
810 3519 846 3579 ad
864 3538 959 3596 aures,
1224 3528 1275 3584 745

281 3601 410 3680 Erigitur
430 3605 613 3683 meminitque
635 3605 698 3680 sui,
719 3604 858 3683 viresque
881 3604 990 3665 solutas
1310 3609 1312 3612 ’

282 3686 404 3765 ingemit
425 3697 455 3747 et
477 3689 585 3767 campis
608 3688 682 3750 alios
703 3706 828 3766 regnare
849 3688 961 3749 leones.

344 3770 484 3833 Flectitur
506 3772 608 3852 allatu,
629 3773 684 3836 sed
704 3790 765 3835 non
783 3782 886 3836 tamen
903 3774 1006 3834 omnixe
1019 3780 1128 3828 recten
