3134 4434
305 419 364 482 172
609 465 613 474 .
636 431 669 479 a.
690 416 823 479 earnm
846 429 961 479 uranu

301 587 418 650 Aeriam
437 585 600 666 Rhodopen
618 585 711 648 solida
729 587 797 647 niro
813 584 951 647 verberat
966 583 1099 665 Arotos,

301 673 365 735 Neo
385 673 487 750 lragor
502 671 650 733 Ausoniae
667 681 777 748 tantus,
799 689 885 751 quum
904 668 1038 749 luppiter
1059 675 1148 736 omni

302 760 382 819 Arce
400 765 495 834 tonat,
517 765 595 818 tanta
617 759 742 836 quatitur
760 773 817 816 nec
838 755 978 833 grandine
998 756 1116 836 Syrtis,
1270 771 1315 827 41⁰

303 842 396 917 Quum
416 841 523 918 Libyae
543 840 654 902 Boreas
673 841 764 903 ltalos
788 843 871 918 niger
890 839 985 901 attulit
1004 841 1138 905 imbres.

302 926 467 988 Exclusere
489 927 565 988 diem
583 926 666 1002 telis,
690 934 765 987 stant
783 926 881 986 ferrea
903 925 990 986 coelo

302 1010 426 1088 Nubila,
449 1029 505 1072 neo
524 1011 625 1072 iaculis
643 1019 770 1071 arctatus
791 1009 899 1070 suflicit
920 1026 981 1070 aar.

302 1096 339 1157 lli
358 1105 482 1176 pereunt
502 1096 614 1172 missis,
636 1094 680 1156 illi
700 1094 888 1156 redeuntibus
908 1094 1009 1171 hastis,

305 1179 485 1243 Concurrunt
505 1181 663 1260 perinane
684 1180 790 1256 sudes,
812 1188 844 1239 et
863 1188 959 1240 mutua
979 1182 1112 1258 perdunt
1270 1200 1316 1255 lli

302 1266 448 1343 Vulnera,
470 1274 644 1326 concurrunt
664 1264 781 1341 hastae,
802 1264 951 1325 stridentia
972 1264 1063 1328 lunda

304 1352 382 1413 Saxa
403 1350 517 1429 pluunt,
538 1350 676 1411 volueres
692 1351 836 1411 imitantur
854 1348 969 1427 fulgura
989 1349 1120 1426 glandes

303 1435 342 1496 Et
360 1434 557 1496 formidandae
575 1451 634 1495 non
650 1452 706 1496 una
727 1435 756 1494 in
776 1442 870 1493 morta
891 1434 1025 1511 sagittae.

302 1519 368 1580 Nec
389 1518 473 1580 locus
495 1520 532 1581 ad
551 1528 658 1580 terram
679 1518 763 1596 telis,
785 1520 815 1579 in
836 1524 962 1598 'corpora
984 1519 1095 1581 ferrum

306 1603 396 1665 Omne
415 1605 507 1673 cadit;
531 1622 623 1683 saepe
641 1604 734 1681 ignari
753 1606 954 1683 perimuntque
977 1604 1162 1683 oadrmtque.
1270 1626 1318 1680 420

306 1686 399 1750 Gasus
419 1689 479 1767 agit
498 1688 617 1749 Virtutis
638 1705 728 1767 opus;
745 1706 821 1749 nuuc
842 1687 926 1749 turba
946 1689 1071 1766 recedit,
1359 1694 1361 1703 ⁴

304 1772 387 1834 Nunc
407 1773 526 1853 premit,
549 1790 584 1833 ao
605 1772 720 1833 vicibus
736 1772 871 1834 tellurem
892 1773 993 1833 amittit
1010 1782 1041 1833 et
1062 1774 1187 1840 aufert:

304 1857 343 1919 Ut
363 1854 457 1919 ventis
476 1857 637 1936 nimbisque
657 1859 753 1918 minax
774 1876 861 1937 quum
884 1857 973 1919 solvit
991 1857 1125 1921 habenas

303 1942 436 2023 luppiter
457 1942 618 2021 affligitque
639 1943 753 2003 alterno
774 1943 888 2003 turbine
908 1943 1050 2003 muudum.

306 2029 369 2090 Stet
389 2029 467 2090 coeli
488 2028 603 2089 diverse
625 2029 722 2106 acies,
741 2046 817 2088 nuuc
834 2026 938 2087 fortior
957 2027 1068 2104 Austri,
1266 2047 1316 2101 Ati

303 2112 387 2175 Nune
405 2114 559 2194 Aquilonis
579 2112 687 2190 hiems,
710 2114 807 2174 donec
827 2121 974 2192 pugnante
994 2112 1130 2191 procella

305 2198 364 2260 Aut
382 2199 476 2259 nimiis
495 2198 545 2259 hic
564 2198 635 2259 vicit
653 2199 751 2277 aquis,
775 2206 824 2259 aut
842 2197 894 2258 ille
916 2213 1033 2257 sereno.

369 2284 547 2363 Principium¹
564 2301 679 2362 pugnae
698 2291 806 2343 turmas
827 2282 957 2362 Asopius
979 2281 1118 2361 hypseus

307 2368 461 2445 Oebalias,
482 2385 604 2447 namque
627 2368 682 2428 hae
703 2385 836 2445 magnum
858 2375 888 2428 et
908 2366 1017 2444 gentile
1039 2376 1194 2433 tumentes

305 2452 465 2516 Euboicum
488 2453 566 2513 duris
589 2461 722 2531 rumpunt
743 2451 915 2513 umbonibus
936 2469 1051 2529 agmen,
1266 2470 1318 2526 43⁰

307 2536 445 2618 Reppulit
467 2545 570 2616 erepto
593 2538 676 2597 cunei
698 2537 819 2597 ductore
840 2535 984 2598 llenaloa.

306 2623 361 2685 llio
383 2630 412 2682 et
429 2630 526 2681 mente
548 2620 661 2698 Lacon,
679 2621 761 2682 crudi
782 2623 920 2682 torrentis
941 2622 1083 2697 alumnus,

306 2707 370 2769 Nec
392 2706 517 2786 turpavit
537 2723 626 2783 aros,
648 2705 758 2767 hastam
777 2707 851 2767 intra
870 2715 975 2786 peetus
995 2715 1122 2783 euntem,

305 2791 352 2854 Ne
374 2791 470 2872 pudor
490 2791 519 2851 in
538 2799 639 2870 tergo,
661 2809 717 2871 per
735 2800 766 2852 et
785 2808 854 2852 ossa
872 2800 902 2852 et
922 2793 1037 2852 viscera
1057 2798 1140 2852 retro

306 2876 440 2939 Extrahit
459 2885 546 2956 atque
566 2876 646 2938 hosti·
664 2877 766 2938 dextra
789 2875 907 2937 lubente
928 2878 1045 2937 remittit
1265 2893 1318 2948 435

307 2963 517 3039 Sanguineam
539 2962 646 3024 dilecta
667 2962 751 3039 genis
770 2961 920 3021 morientis
943 2961 1081 3022 oberrant
1112 3011 1114 3017 .

307 3048 439 3124 Taygeta
461 3055 491 3107 et
512 3064 627 3126 pugnae
648 3046 822 3125 laudataque
843 3045 967 3106 verbera
989 3046 1081 3106 matri.
1131 3073 1137 3085 ·

370 3131 545 3192 Phaedimon
562 3130 679 3193 Iasiden
701 3148 771 3191 arcu
792 3131 935 3191 Dircaeus
955 3131 1095 3205 Amyntas

307 3218 450 3278 Destinat.
490 3216 554 3277 Heu
576 3215 693 3277 celeres
713 3215 839 3276 Parcae!
860 3217 916 3276 iam
937 3216 1060 3295 palpitat
1079 3216 1158 3276 arvis

307 3300 495 3377 Phaedimus,
519 3308 549 3361 et
569 3301 642 3360 certi
662 3300 788 3360 nondum
807 3309 886 3361 tacet
905 3318 991 3361 arcus
1012 3297 1168 3376 Amyntae.
1264 3318 1318 3374 440

307 3385 435 3447 Abstulit
458 3403 495 3445 ex
515 3384 634 3446 humero
657 3384 788 3446 dextram
810 3383 989 3460 Calydonius
1010 3384 1129 3463 Agreus

306 3471 460 3548 Phegeos;
482 3469 533 3531 illa
555 3488 636 3531 suum
653 3478 732 3530 terra
753 3480 834 3531 tenet
851 3470 974 3549 inproba
996 3470 1115 3545 ferrum,

307 3554 347 3617 llt
366 3563 479 3623 moret;
502 3555 631 3615 extimuit
651 3572 753 3634 sparsa
773 3556 850 3615 inter
871 3555 932 3617 tela
951 3556 1095 3616 iacentem

307 3639 519 3719 Progrediens,
541 3648 729 3719 habeamque
750 3649 847 3700 tamen
867 3641 1015 3719 percussit
1035 3639 1180 3700 Acoetes.

303 3723 389 3806 lphin
407 3732 494 3787 atrox
512 3723 670 3806 Athamas,
692 3723 806 3804 Argum
823 3723 907 3786 lorus
924 3724 1032 3804 inpulit
1049 3723 1205 3799 llnpsens,
1262 3739 1315 3793 445
