3134 4434
322 423 382 486 126
648 436 681 485 ι.
705 436 840 486 mmm
859 435 975 486 suarm

320 594 429 655 Auster
449 592 525 671 agit,
545 591 642 654 medie
661 600 737 654 staut
756 592 825 653 vela
846 593 983 654 tumentia
1003 601 1107 671 ponto.

385 677 492 738 Tune'
483 694 576 756 ipsum
597 676 690 739 iraoto
712 695 798 738 eurru
817 676 968 754 deturhat,
993 685 1022 737 et
1043 679 1120 739 isset
1277 686 1323 744 485

320 763 397 823 Ante
420 759 569 832 Chromin
592 762 646 823 sed
666 761 796 822 Thraueu
818 763 886 842 eqni
905 770 949 821 ut
956 759 1056 822 ridere
1077 763 1237 824 iuuentem

319 847 547 928 Hippodamum,
569 845 647 906 redit
663 846 726 926 illa
734 845 859 924 inmas,
863 838 983 919 iam*
941 840 1070 924 Mune
1072 855 1268 927 trementem

320 891 588 1008 Parriommn‘iit
592 918 721 992 i'r'ena
711 948 852 1010 ipsosque
870 931 1045 1008 frementes,

321 1012 441 1078 Obitus·
454 976 582 1095 phileae,
603 1023 684 1077 retro
707 1014 871 1092 Tirynthius
888 1014 979 1076 heros

321 1099 469 1161 Torsisset
484 1101 637 1200 vietusque
659 1108 689 1160 et
710 1099 890 1161 collaudatus
911 1098 1031 1160 abisset.
1273 1112 1321 1170 49⁰

381 1185 420 1246 At
441 1184 493 1245 tihi
510 1185 671 1264 promissos
692 1183 853 1247 iamdudum
874 1183 1010 1245 l’huehus
1032 1183 1183 1262 honores,

319 1269 511 1350 Amphiarae,
535 1269 624 1349 cupit.
668 1267 797 1330 Tandem
817 1278 897 1330 ratus
917 1274 984 1349 apta
1005 1269 1101 1330 latori

321 1355 485 1435 Tempora,
507 1353 641 1434 pulverei
661 1354 791 1415 venitin
811 1355 904 1433 spatia
923 1352 1040 1413 horrida
1061 1354 1151 1430 uirni,

321 1439 414 1514 Quum
435 1439 491 1499 iam
510 1439 539 1498 in
560 1438 620 1510 line
638 1440 771 1514 viae,·et
791 1456 930 1498 summum
951 1437 1074 1498 victoria
1091 1446 1190 1509 nutat;
1276 1445 1279 1451 '

348 1524 529 1602 nguioomum
549 1524 669 1583 monstri
689 1522 818 1601 effigiem
840 1523 1008 1584 saevissima
1031 1521 1098 1581 visu
1270 1531 1318 1588 495

320 1608 379 1669 Ora
397 1617 511 1686 movet,
532 1609 595 1668 sive
615 1608 667 1668 ille
686 1606 805 1683 Erebo,
828 1624 880 1667 seu
902 1607 983 1666 linxit
1002 1606 1032 1665 in
1051 1614 1116 1666 astu

320 1692 490 1772 Temporis,
510 1693 658 1753 innumera
678 1701 760 1752 certe
781 1690 933 1752 formidine
953 1689 1059 1751 uultum

320 1777 410 1838 Tollit
429 1778 458 1837 in
479 1787 557 1837 astra
573 1777 666 1837 nefas.
707 1774 773 1837 Non
792 1775 863 1837 illud
884 1775 989 1836 ianitor
1007 1783 1089 1835 atrae

306 1856 472 1942 'Inpavidus
492 1859 616 1939 Lethes,
636 1878 695 1922 uun
715 1861 799 1940 ipsae
812 1860 943 1922 horrore
963 1860 1026 1919 sine
1046 1858 1106 1919 ulto

319 1944 495 2007 Eumenides
515 1944 624 2007 vidisse
647 1955 768 2025 queant,
790 1945 936 2006 turbasset
957 1951 1060 2004 euntes
1103 1976 1106 1985 ·
1268 1952 1317 2007 5⁰0

240 2026 246 2041 “
320 2031 399 2092 Solis
419 2046 512 2110 equos
532 2028 691 2110 Martisque
712 2031 819 2108 iugum.
861 2028 934 2091 Nam
956 2029 1048 2090 hunus
1065 2025 1161 2087 Arion

318 2115 357 2177 Ut
376 2115 462 2194 vidit,
484 2114 592 2177 saliere
609 2115 709 2192 iubae,
732 2120 820 2195 atque
839 2123 955 2175 ereotus
977 2115 1006 2172 in
1024 2128 1123 2173 armus

319 2202 397 2279 Stat,
419 2201 589 2280 sociumque
608 2200 668 2279 iugi
690 2200 870 2281 comitesque
891 2200 1034 2277 utrimque
1055 2195 1166 2257 laboris

319 2287 425 2346 Senum
442 2285 502 2347 alte
523 2285 680 2365 suspendit.
693 2300 797 2365 equos.
824 2283 911 2345 linit
929 2284 1011 2344 ihuet
1030 2281 1099 2342 exul
1127 2318 1130 2322 -
1152 2330 1155 2335 .

318 2368 431 2430 Aonius
452 2388 603 2449 nexusque
624 2369 672 2430 diu
687 2387 748 2449 per
764 2378 849 2446 terga
866 2369 984 2429 volutus
1151 2420 1156 2429 .
1266 2379 1317 2433 tot

317 2453 421 2525 Exuit;
441 2455 582 2533 abripitur-
600 2454 690 2532 longe
710 2452 907 2514 moderamine
927 2452 1004 2514 liher

303 2536 442 2608 ‘Currum
463 2547 493 2599 at
514 2537 590 2598 hune
609 2539 686 2617 putri
707 2546 826 2617 praeter
846 2538 951 2605 tellure
968 2538 1113 2598 iuuentem
1188 2548 1191 2553 '

318 2622 460 2684 Taenarei
481 2639 583 2682 enrrns
599 2630 635 2683 et
655 2621 814 2683 Thessalus
831 2624 901 2684 'axis
922 2632 953 2684 et
974 2620 1063 2682 heros

316 2708 450 2771 hemnius
472 2706 607 2787 obliqua,
628 2716 763 2788 quantum
783 2708 877 2769 vitare
897 2707 1034 2785 dabatur,

317 2791 510 2854 Transahiere
532 2792 611 2870 iuga.
639 2791 783 2853 -Taudem
805 2793 930 2870 ealigine
950 2810 1076 2854 mersum
1264 2806 1320 2861 510

316 2877 411 2956 Erigit
432 2895 555 2939 adcursu
578 2877 712 2939 uomitum
734 2887 823 2957 eaput
843 2895 991 2956 aegraqm
1012 2878 1090 2939 tollit

315 2961 445 3024 llemhru
466 2961 549 3040 solo,
572 2971 603 3022 et
619 2978 727 3022 sooero
746 2962 824 3023 redit
843 2962 919 3024 haud
938 2971 1073 3041 speratus
1091 2960 1231 3026 Adrasto.

379 3046 450 3121 Quis
468 3049 584 3124 mortis,
608 3045 762 3123 Thehane',
783 3047 885 3124 loeus,
898 3046 960 3106 nisi
979 3046 1048 3108 dura
1069 3055 1211 3124 negasset

317 3131 377 3192 Tisi
399 3131 490 3210 hone,
513 3136 647 3211 quantum
669 3139 789 3211 poteras
809 3131 953 3193 dimittere
973 3129 1104 3193 helluini

318 3198 360 3277 Te
379 3150 497 3278 Thebae
516 3216 665 3295 fraterque
686 3216 808 3296 palam,¹
821 3225 851 3277 tu
872 3215 1029 3295 plangeret
1049 3216 1167 3294 Argos,
1264 3228 1316 3284 515

318 3301 360 3363 Te
381 3300 508 3379 Nemee,
529 3299 695 3362 tihi-hema
715 3317 816 3361 eomas
835 3300 1010 3381 Larissaque
1032 3301 1159 3382 supplex
1177 3308 1180 3313 '

316 3385 459 3464 Poneret,
480 3384 653 3447 Archemori
670 3387 763 3447 maior
780 3385 917 3447 uolerere
937 3386 1087 3466 sepulcro.

380 3470 460 3532 Tune
480 3486 553 3530 vero
576 3467 735 3549 Oeolides,¹
755 3488 926 3550 quamquam
944 3472 1003 3532 iam
1024 3479 1106 3533 uesta
1127 3475 1267 3552 sequenti

315 3554 461 3631 Praemia,
485 3572 571 3633 quum
590 3570 700 3616 munus
721 3555 837 3617 domiuo
854 3555 996 3635 praeiret·
1008 3555 1117 3634 Arion,

315 3640 410 3701 Ardet
430 3638 525 3701 adhue
546 3639 666 3719 uupieas
686 3639 737 3701 r'el
757 3641 871 3701 inanem
889 3640 1010 3700 riunere
1031 3658 1154 3702 sumum.
1262 3653 1315 3709 eoo

315 3724 371 3785 Dat
388 3725 467 3786 vires
484 3723 659 3808 relevetque
668 3723 777 3797 ,deust
788 3724 869 3787 uolat
887 3724 970 3786 uelor
989 3723 1088 3806 lluro,
1122 3780 1125 3785 ⁴
