3134 4434
478 470 665 518 mensumn
688 469 803 519 suurn
824 469 927 531 rnna.
951 471 1019 520 nus.
1042 472 1075 519 v.
1231 461 1272 524 93

344 624 481 703 Ingemit,
502 634 532 685 et
553 626 669 704 paulum
690 625 760 686 detu
780 633 915 686 cunctata
933 625 1065 688 modesto

279 711 412 772 Lemnias
433 728 500 771 orsa
522 711 629 770 refert:
652 709 797 771 ‘inmania
820 710 957 787 vulnera,
981 721 1089 789 rector,

281 796 431 873 integrare
453 793 553 870 iubes,
574 793 676 855 Furias
696 804 725 856 et
746 794 873 856 Lemnon
893 803 923 854 et
945 797 1033 855 aretis
1237 809 1274 862 30

281 879 369 940 Arma
390 882 498 940 inserta
520 881 592 939 toris
610 879 835 959 debellatosque
855 878 989 959 pudendo
1011 900 1014 909 ·

281 964 360 1025 Ense
382 983 493 1024 mares:
515 963 590 1024 redit
612 964 699 1026 eooe!
720 965 803 1025 nefas
826 973 856 1025 et
877 963 983 1042 frigida
1004 962 1087 1025 oordi

281 1049 429 1110 Eumenis.
462 1047 486 1107 0
500 1050 642 1126 miserae,
664 1048 768 1129 quibus
783 1049 831 1111 hio
846 1048 927 1110 furor
939 1048 1066 1109 additus!
1089 1067 1107 1111 o
1123 1049 1197 1110 nox!

283 1133 307 1193 0
328 1132 425 1213 pater!
450 1133 501 1193 ilia
521 1151 578 1212 ego
600 1152 679 1211 nam,
704 1134 813 1213 pudeat
833 1133 967 1194 neforto
987 1133 1132 1211 benignae

281 1218 426 1298 Hospitis,
446 1218 512 1294 illa,
532 1217 638 1296 duees,
660 1228 772 1298 raptum
792 1237 868 1298 quae
889 1219 952 1279 suia
973 1228 1123 1298 parentem
1238 1229 1272 1284 35

282 1303 414 1363 Oeeuiui.
449 1301 524 1375 Quid
544 1303 633 1380 longa
653 1302 737 1363 maiis
756 1303 877 1365 exordia
898 1300 1006 1364 neoto?

281 1387 320 1448 Et
340 1405 395 1447 vos
417 1405 495 1448 arma
515 1396 622 1448 vocant
638 1388 793 1468 magnique
816 1389 846 1447 in
867 1388 958 1449 eorde
979 1397 1108 1467 paratus.

280 1473 345 1534 Hos
366 1488 545 1532 memorasse
565 1481 609 1555 sat
631 1482 691 1532 est:
716 1473 796 1533 olaro
815 1481 955 1550 generata
977 1470 1119 1550 Thoante,

282 1557 437 1619 Servitium
456 1554 619 1636 Hypsipyle
640 1558 731 1618 vestri
750 1556 815 1618 iero
840 1567 925 1637 napta
943 1556 1092 1635 Lycurgi?

341 1641 506 1703 Advertere
526 1643 651 1717 animos,
673 1641 823 1722 maiorque
846 1652 875 1703 et
894 1642 1006 1703 honora
1025 1640 1119 1702 videri
1237 1654 1272 1708 40

281 1727 395 1806 Parque
418 1727 502 1805 operi
521 1734 616 1794 tanto;
639 1727 750 1787 eunetis
771 1736 839 1788 tuno
860 1743 986 1787 noscere
1007 1744 1093 1787 easus

281 1811 369 1872 Ortus
392 1828 486 1886 arnor,
511 1820 683 1890 peierante
705 1810 779 1872 aiios
801 1811 931 1874 hortatur
952 1810 1106 1872 Adrastus.

346 1893 453 1955 ‘Immo
475 1913 547 1973 age,
570 1896 636 1957 dum
656 1897 740 1975 primi
761 1896 851 1974 longe
870 1897 969 1959 damus
991 1897 1104 1975 agmina
1125 1897 1228 1976 vulgi·

281 1980 347 2041 Nee
367 1980 462 2040 iaeiiis
484 1978 595 2041 Nemee
616 1981 689 2042 latas
710 1981 851 2042 evolvere
872 1983 961 2058 vires,

282 2065 401 2144 Quippe
422 2064 539 2125 obtenta
561 2066 653 2125 oomis
673 2074 703 2126 et
723 2065 916 2127 ineluetabilis
939 2065 1051 2141 umbra,
1203 2132 1206 2137 ,
1236 2077 1270 2131 45

280 2150 377 2211 Pande
396 2148 663 2229 nefas'laudesque
684 2159 748 2210 tuus
769 2152 953 2230 gemitusque
973 2158 1096 2226 tuorum,

281 2233 366 2295 Unde
388 2234 442 2294 hos
463 2233 601 2295 advenias
622 2251 715 2312 regno
737 2233 850 2295 deieota
871 2234 1000 2315 labores,

282 2319 377 2380 Dulce
399 2319 480 2398 loqui
500 2319 614 2378 miseris
636 2327 815 2398 veteresque
836 2319 980 2381 reducere
1001 2325 1143 2398 questus!

346 2402 466 2484 lneipit:
486 2403 622 2481 ‘Aegaeo
637 2405 779 2486 premitur
801 2403 966 2465 oironmiiua
985 2403 1084 2465 Nereo

281 2488 422 2565 Lemnos,
445 2487 494 2548 ubi
514 2488 637 2567 ignifera
657 2488 754 2550 fessus
777 2491 903 2569 respirat
920 2489 956 2551 ab
977 2487 1073 2551 Aetna
1238 2501 1273 2554 to

281 2571 440 2643 Mulciben
463 2574 572 2651 ingenti
592 2572 727 2635 tellurem
749 2576 899 2654 proximus
919 2573 1020 2635 umbra

283 2657 380 2718 Vestit
400 2657 494 2719 Athos
517 2676 723 2739 nemorumque
745 2659 884 2722 obseurat
906 2660 1031 2738 imagine
1054 2668 1180 2739 pontum.

285 2740 414 2802 Thraces
433 2751 515 2803 arant
532 2753 642 2804 eontra.
687 2743 830 2809 Thracum
848 2745 945 2806 fatalia
967 2743 1050 2804 uobis

282 2825 395 2902 Litora,
419 2834 449 2885 et
467 2826 533 2886 inde
555 2827 652 2896 usiam
676 2828 801 2889 ilorebat
819 2828 902 2889 dives
925 2829 1053 2889 alumnis*

285 2909 392 2986 Terra,
415 2928 471 2969 nee
492 2909 542 2971 illa
562 2911 649 2971 Samo
669 2910 746 2972 fama
766 2912 883 2973 Delove
899 2913 1012 2973 sonanti
1238 2924 1273 2977 55

283 2993 371 3054 Peior
391 3003 421 3054 et
439 2995 592 3054 innumeris
615 3012 687 3074 quas
707 2997 848 3076 spumifer
868 2995 960 3057 assilit
980 2996 1096 3074 Aegon.

283 3079 336 3137 Dis
354 3081 446 3139 visum
467 3077 587 3140 turbare
608 3079 728 3156 domos,
748 3098 804 3141 neo
822 3091 944 3160 pectora
966 3080 1052 3160 eulpa

284 3162 391 3225 Nostra
414 3163 533 3233 vaeantss
557 3163 979 3330 nnlquyfflQQJmprs
999 3167 1096 3245 ignes,

283 3247 370 3309 Nulla
391 3249 465 3310 deae
486 3248 589 3318 sedes;
611 3257 709 3310 movet
730 3259 760 3311 et
776 3251 918 3313 eoelestia
958 3251 1080 3312 nondam

286 3333 383 3396 Corda
404 3335 489 3395 dolor
509 3335 649 3413 lentoque
672 3336 807 3418 inrepunt
824 3336 939 3414 agmine
959 3353 1084 3415 poenae.
1239 3346 1274 3402 60

284 3418 337 3479 iila
359 3419 478 3498 Paphon
496 3429 627 3480 veterem
646 3430 819 3500 uentumque
839 3421 940 3482 altaria
961 3420 1094 3500 linquens

283 3501 348 3563 Nee
370 3504 449 3564 vultu
470 3523 525 3565 nee
546 3507 626 3566 erine
648 3507 744 3584 prior,
766 3505 892 3567 solvisse
914 3506 1039 3584 iugalem

287 3585 397 3647 Ceston
419 3598 449 3648 et
466 3588 572 3650 ldaiius
593 3590 696 3670 procul
718 3590 874 3669 ablegasse
893 3591 1031 3652 volueres

286 3671 404 3742 Fertur;
427 3684 510 3734 erant
532 3684 627 3752 uerte,
650 3675 745 3738 media
765 3694 840 3755 quae
859 3677 952 3737 noetis
974 3675 1119 3737 inumbra

286 3755 404 3837 Divam,
428 3760 501 3820 alios
521 3759 605 3839 ignes
624 3760 792 3844 maioraque
810 3761 876 3825 teis
890 3769 1066 3842 gerentem⁴
1253 3763 1298 3811 aa
