<?xml version="1.0" encoding="UTF-8"?>
<!DOCTYPE html PUBLIC "-//W3C//DTD XHTML 1.0 Transitional//EN"
    "http://www.w3.org/TR/xhtml1/DTD/xhtml1-transitional.dtd">
<html xmlns="http://www.w3.org/1999/xhtml" xml:lang="en" lang="en">
 <head>
  <title>
</title>
<meta http-equiv="Content-Type" content="text/html;charset=utf-8" />
  <meta name='ocr-system' content='tesseract 3.04.00' />
  <meta name='ocr-capabilities' content='ocr_page ocr_carea ocr_par ocr_line ocrx_word'/>
</head>
<body>
  <div class='ocr_page' id='page_1' title='image "./publiuspapinius00quecgoog/publiuspapinius00quecgoog_0051.png"; bbox 0 0 3134 4434; ppageno 0'>
   <div class='ocr_carea' id='block_1_1' title="bbox 622 450 1259 509">
    <p class='ocr_par' dir='ltr' id='par_1_1' title="bbox 622 450 1259 509">
     <span class='ocr_line' id='line_1_1' title="bbox 622 450 1259 509; baseline 0 -1"><span class='ocrx_word' id='word_1_1' title='bbox 622 459 801 509; x_wconf 76' lang='lat' dir='ltr'>SILVARUM</span> <span class='ocrx_word' id='word_1_2' title='bbox 820 460 852 509; x_wconf 78' lang='lat' dir='ltr'>L.</span> <span class='ocrx_word' id='word_1_3' title='bbox 869 461 892 507; x_wconf 92' lang='lat'>1.</span> <span class='ocrx_word' id='word_1_4' title='bbox 1221 450 1259 508; x_wconf 83' lang='lat'>17</span> 
     </span>
    </p>
   </div>
   <div class='ocr_carea' id='block_1_2' title="bbox 250 614 1333 3886">
    <p class='ocr_par' dir='ltr' id='par_1_2' title="bbox 250 614 1333 864">
     <span class='ocr_line' id='line_1_2' title="bbox 250 614 1333 698; baseline 0 -19"><span class='ocrx_word' id='word_1_5' title='bbox 250 620 316 698; x_wconf 93' lang='lat' dir='ltr'>lpse</span> <span class='ocrx_word' id='word_1_6' title='bbox 339 617 502 677; x_wconf 83' lang='lat' dir='ltr'>Anien-</span> <span class='ocrx_word' id='word_1_7' title='bbox 521 615 649 675; x_wconf 91' lang='lat' dir='ltr'>miranda</span> <span class='ocrx_word' id='word_1_8' title='bbox 674 615 748 674; x_wconf 85' lang='lat' dir='ltr'>fides</span> <span class='ocrx_word' id='word_1_9' title='bbox 765 630 812 662; x_wconf 34' lang='grc' dir='ltr'><strong><em>ω</em></strong></span> <span class='ocrx_word' id='word_1_10' title='bbox 831 614 963 695; x_wconf 85' lang='lat' dir='ltr'>infraque</span> <span class='ocrx_word' id='word_1_11' title='bbox 988 634 1136 695; x_wconf 83' lang='lat' dir='ltr'><strong>superque</strong></span> <span class='ocrx_word' id='word_1_12' title='bbox 1227 627 1262 680; x_wconf 75' lang='lat'>20</span> <span class='ocrx_word' id='word_1_13' title='bbox 1330 655 1333 662; x_wconf 93' lang='lat'>·</span> 
     </span>
     <span class='ocr_line' id='line_1_3' title="bbox 252 699 1075 779; baseline -0.005 -15"><span class='ocrx_word' id='word_1_14' title='bbox 252 707 384 778; x_wconf 81' lang='lat' dir='ltr'>Saxeus,</span> <span class='ocrx_word' id='word_1_15' title='bbox 409 700 460 760; x_wconf 91' lang='lat' dir='ltr'>bic</span> <span class='ocrx_word' id='word_1_16' title='bbox 481 699 618 759; x_wconf 89' lang='lat' dir='ltr'>tumidam</span> <span class='ocrx_word' id='word_1_17' title='bbox 639 699 750 759; x_wconf 81' lang='lat' dir='ltr'>rabiem</span> <span class='ocrx_word' id='word_1_18' title='bbox 771 717 969 779; x_wconf 81' lang='lat' dir='ltr'>spumosaque</span> <span class='ocrx_word' id='word_1_19' title='bbox 993 702 1075 778; x_wconf 89' lang='lat' dir='ltr'>ponit</span> 
     </span>
     <span class='ocr_line' id='line_1_4' title="bbox 251 783 1037 864; baseline -0.005 -16"><span class='ocrx_word' id='word_1_20' title='bbox 251 787 416 861; x_wconf 73' lang='lat' dir='ltr'>Murmura,</span> <span class='ocrx_word' id='word_1_21' title='bbox 436 802 492 845; x_wconf 90' lang='lat' dir='ltr'>ceu</span> <span class='ocrx_word' id='word_1_22' title='bbox 513 783 622 864; x_wconf 90' lang='lat' dir='ltr'>placidi</span> <span class='ocrx_word' id='word_1_23' title='bbox 643 784 753 844; x_wconf 91' lang='lat' dir='ltr'>veritus</span> <span class='ocrx_word' id='word_1_24' title='bbox 775 783 893 844; x_wconf 89' lang='lat' dir='ltr'>turbare</span> <span class='ocrx_word' id='word_1_25' title='bbox 914 785 1037 863; x_wconf 80' lang='lat' dir='ltr'><strong>Vopisci</strong></span> 
     </span>
    </p>

    <p class='ocr_par' dir='ltr' id='par_1_3' title="bbox 252 868 1029 950">
     <span class='ocr_line' id='line_1_5' title="bbox 252 868 1029 950; baseline -0.009 -18"><span class='ocrx_word' id='word_1_26' title='bbox 252 873 427 950; x_wconf 84' lang='lat' dir='ltr'>Pieriosque</span> <span class='ocrx_word' id='word_1_27' title='bbox 450 869 514 929; x_wconf 91' lang='lat' dir='ltr'>dies</span> <span class='ocrx_word' id='word_1_28' title='bbox 535 876 565 928; x_wconf 91' lang='lat' dir='ltr'>et</span> <span class='ocrx_word' id='word_1_29' title='bbox 586 868 729 928; x_wconf 89' lang='lat' dir='ltr'>babentes</span> <span class='ocrx_word' id='word_1_30' title='bbox 752 870 878 928; x_wconf 90' lang='lat' dir='ltr'>carmina</span> <span class='ocrx_word' id='word_1_31' title='bbox 901 887 1029 928; x_wconf 90' lang='lat' dir='ltr'>somnos.</span> 
     </span>
    </p>

    <p class='ocr_par' dir='ltr' id='par_1_4' title="bbox 251 953 1050 1032">
     <span class='ocr_line' id='line_1_6' title="bbox 251 953 1050 1032; baseline -0.005 -16"><span class='ocrx_word' id='word_1_32' title='bbox 251 957 329 1016; x_wconf 82' lang='lat' dir='ltr'>litus</span> <span class='ocrx_word' id='word_1_33' title='bbox 352 964 508 1032; x_wconf 91' lang='lat' dir='ltr'>utrumque</span> <span class='ocrx_word' id='word_1_34' title='bbox 529 953 623 1030; x_wconf 87' lang='lat' dir='ltr'>domi,</span> <span class='ocrx_word' id='word_1_35' title='bbox 645 970 702 1012; x_wconf 91' lang='lat' dir='ltr'>nec</span> <span class='ocrx_word' id='word_1_36' title='bbox 725 961 755 1012; x_wconf 88' lang='lat' dir='ltr'>te</span> <span class='ocrx_word' id='word_1_37' title='bbox 774 954 940 1013; x_wconf 89' lang='lat' dir='ltr'>mitissimus</span> <span class='ocrx_word' id='word_1_38' title='bbox 960 955 1050 1013; x_wconf 90' lang='lat' dir='ltr'>amnis</span> 
     </span>
    </p>

    <p class='ocr_par' dir='ltr' id='par_1_5' title="bbox 251 1037 1259 1203">
     <span class='ocr_line' id='line_1_7' title="bbox 251 1037 1259 1117; baseline -0.002 -15"><span class='ocrx_word' id='word_1_39' title='bbox 251 1041 373 1102; x_wconf 82' lang='lat' dir='ltr'>Dividit.</span> <span class='ocrx_word' id='word_1_40' title='bbox 417 1037 554 1098; x_wconf 79' lang='lat' dir='ltr'>Alternus</span> <span class='ocrx_word' id='word_1_41' title='bbox 573 1046 691 1097; x_wconf 90' lang='lat' dir='ltr'>servant</span> <span class='ocrx_word' id='word_1_42' title='bbox 714 1039 863 1116; x_wconf 88' lang='lat' dir='ltr'>praetoria</span> <span class='ocrx_word' id='word_1_43' title='bbox 885 1038 965 1117; x_wconf 86' lang='lat' dir='ltr'>ripas</span> <span class='ocrx_word' id='word_1_44' title='bbox 1225 1050 1259 1107; x_wconf 69' lang='lat'>25</span> 
     </span>
     <span class='ocr_line' id='line_1_8' title="bbox 252 1121 1051 1203; baseline -0.006 -18"><span class='ocrx_word' id='word_1_45' title='bbox 252 1126 316 1185; x_wconf 87' lang='lat' dir='ltr'>Non</span> <span class='ocrx_word' id='word_1_46' title='bbox 340 1132 465 1184; x_wconf 81' lang='lat' dir='ltr'>externa</span> <span class='ocrx_word' id='word_1_47' title='bbox 486 1121 542 1181; x_wconf 89' lang='lat' dir='ltr'>sibi</span> <span class='ocrx_word' id='word_1_48' title='bbox 565 1122 720 1181; x_wconf 88' lang='lat' dir='ltr'>lluviumve</span> <span class='ocrx_word' id='word_1_49' title='bbox 743 1121 863 1182; x_wconf 88' lang='lat' dir='ltr'>obstare</span> <span class='ocrx_word' id='word_1_50' title='bbox 884 1131 1051 1203; x_wconf 84' lang='lat' dir='ltr'>queruntur.</span> 
     </span>
    </p>

    <p class='ocr_par' dir='ltr' id='par_1_6' title="bbox 253 1205 1118 1455">
     <span class='ocr_line' id='line_1_9' title="bbox 315 1205 1118 1285; baseline -0.004 -16"><span class='ocrx_word' id='word_1_51' title='bbox 315 1210 470 1270; x_wconf 80' lang='lat' dir='ltr'>Sestiacos</span> <span class='ocrx_word' id='word_1_52' title='bbox 490 1225 564 1266; x_wconf 91' lang='lat' dir='ltr'>nunc</span> <span class='ocrx_word' id='word_1_53' title='bbox 588 1205 663 1266; x_wconf 82' lang='lat' dir='ltr'>fama</span> <span class='ocrx_word' id='word_1_54' title='bbox 686 1207 764 1265; x_wconf 90' lang='lat' dir='ltr'>sinus</span> <span class='ocrx_word' id='word_1_55' title='bbox 787 1207 971 1285; x_wconf 80' lang='lat' dir='ltr'>pelagusque</span> <span class='ocrx_word' id='word_1_56' title='bbox 993 1216 1118 1268; x_wconf 89' lang='lat' dir='ltr'>natatum</span> 
     </span>
     <span class='ocr_line' id='line_1_10' title="bbox 253 1289 990 1371; baseline -0.005 -16"><span class='ocrx_word' id='word_1_57' title='bbox 253 1295 345 1355; x_wconf 86' lang='lat' dir='ltr'>lactet</span> <span class='ocrx_word' id='word_1_58' title='bbox 369 1301 399 1353; x_wconf 87' lang='lat' dir='ltr'>et</span> <span class='ocrx_word' id='word_1_59' title='bbox 420 1292 521 1352; x_wconf 83' lang='lat' dir='ltr'>audaci</span> <span class='ocrx_word' id='word_1_60' title='bbox 542 1293 657 1351; x_wconf 90' lang='lat' dir='ltr'>iunctos</span> <span class='ocrx_word' id='word_1_61' title='bbox 682 1289 834 1369; x_wconf 87' lang='lat' dir='ltr'>delphinas</span> <span class='ocrx_word' id='word_1_62' title='bbox 857 1291 990 1371; x_wconf 86' lang='lat' dir='ltr'>ephebo!</span> 
     </span>
     <span class='ocr_line' id='line_1_11' title="bbox 254 1374 1010 1455; baseline -0.007 -16"><span class='ocrx_word' id='word_1_63' title='bbox 254 1379 306 1439; x_wconf 87' lang='lat' dir='ltr'>llic</span> <span class='ocrx_word' id='word_1_64' title='bbox 328 1386 451 1439; x_wconf 89' lang='lat' dir='ltr'>aeterna</span> <span class='ocrx_word' id='word_1_65' title='bbox 473 1376 575 1455; x_wconf 84' lang='lat' dir='ltr'>quies,</span> <span class='ocrx_word' id='word_1_66' title='bbox 598 1376 684 1435; x_wconf 86' lang='lat' dir='ltr'>nullis</span> <span class='ocrx_word' id='word_1_67' title='bbox 706 1374 754 1434; x_wconf 89' lang='lat' dir='ltr'>bic</span> <span class='ocrx_word' id='word_1_68' title='bbox 775 1378 836 1435; x_wconf 93' lang='lat' dir='ltr'>iura</span> <span class='ocrx_word' id='word_1_69' title='bbox 858 1376 1010 1455; x_wconf 82' lang='lat' dir='ltr'>procellis,</span> 
     </span>
    </p>

    <p class='ocr_par' dir='ltr' id='par_1_7' title="bbox 254 1458 1260 1711">
     <span class='ocr_line' id='line_1_12' title="bbox 254 1458 1260 1542; baseline 0 -20"><span class='ocrx_word' id='word_1_70' title='bbox 254 1463 415 1542; x_wconf 85' lang='lat' dir='ltr'>Numquam</span> <span class='ocrx_word' id='word_1_71' title='bbox 437 1461 654 1538; x_wconf 77' lang='lat' dir='ltr'>fervoraquis.</span> <span class='ocrx_word' id='word_1_72' title='bbox 695 1459 786 1519; x_wconf 90' lang='lat' dir='ltr'>Datur</span> <span class='ocrx_word' id='word_1_73' title='bbox 807 1458 853 1518; x_wconf 90' lang='lat' dir='ltr'>bic</span> <span class='ocrx_word' id='word_1_74' title='bbox 876 1463 1071 1520; x_wconf 84' lang='lat' dir='ltr'>transmittere</span> <span class='ocrx_word' id='word_1_75' title='bbox 1094 1461 1173 1519; x_wconf 86' lang='lat' dir='ltr'>visus</span> <span class='ocrx_word' id='word_1_76' title='bbox 1224 1470 1260 1522; x_wconf 81' lang='lat'>30</span> 
     </span>
     <span class='ocr_line' id='line_1_13' title="bbox 255 1542 1085 1623; baseline -0.004 -15"><span class='ocrx_word' id='word_1_77' title='bbox 255 1547 290 1608; x_wconf 80' lang='lat' dir='ltr'>llt</span> <span class='ocrx_word' id='word_1_78' title='bbox 310 1564 407 1606; x_wconf 91' lang='lat' dir='ltr'>voces</span> <span class='ocrx_word' id='word_1_79' title='bbox 429 1553 458 1605; x_wconf 92' lang='lat' dir='ltr'>et</span> <span class='ocrx_word' id='word_1_80' title='bbox 479 1562 574 1623; x_wconf 91' lang='lat' dir='ltr'>paene</span> <span class='ocrx_word' id='word_1_81' title='bbox 593 1563 704 1604; x_wconf 89' lang='lat' dir='ltr'>manus.</span> <span class='ocrx_word' id='word_1_82' title='bbox 750 1545 800 1604; x_wconf 85' lang='lat' dir='ltr'>Sic</span> <span class='ocrx_word' id='word_1_83' title='bbox 821 1542 960 1605; x_wconf 79' lang='lat' dir='ltr'>Chalcida</span> <span class='ocrx_word' id='word_1_84' title='bbox 982 1545 1085 1605; x_wconf 91' lang='lat' dir='ltr'>ssuctus</span> 
     </span>
     <span class='ocr_line' id='line_1_14' title="bbox 254 1629 948 1711; baseline -0.007 -18"><span class='ocrx_word' id='word_1_85' title='bbox 254 1631 416 1711; x_wconf 85' lang='lat' dir='ltr'>llxpellunt</span> <span class='ocrx_word' id='word_1_86' title='bbox 437 1629 535 1704; x_wconf 86' lang='lat' dir='ltr'>duvii,</span> <span class='ocrx_word' id='word_1_87' title='bbox 559 1631 602 1688; x_wconf 87' lang='lat' dir='ltr'>sic</span> <span class='ocrx_word' id='word_1_88' title='bbox 624 1629 782 1689; x_wconf 90' lang='lat' dir='ltr'>dissociata</span> <span class='ocrx_word' id='word_1_89' title='bbox 803 1629 948 1707; x_wconf 82' lang='lat' dir='ltr'>profundo</span> 
     </span>
    </p>

    <p class='ocr_par' dir='ltr' id='par_1_8' title="bbox 253 1713 989 1790">
     <span class='ocr_line' id='line_1_15' title="bbox 253 1713 989 1790; baseline -0.007 -13"><span class='ocrx_word' id='word_1_90' title='bbox 253 1717 364 1777; x_wconf 86' lang='lat' dir='ltr'>Bruttia</span> <span class='ocrx_word' id='word_1_91' title='bbox 386 1715 531 1775; x_wconf 89' lang='lat' dir='ltr'>Sicanium</span> <span class='ocrx_word' id='word_1_92' title='bbox 554 1714 751 1790; x_wconf 75' lang='lat' dir='ltr'>circumspicit</span> <span class='ocrx_word' id='word_1_93' title='bbox 773 1730 824 1772; x_wconf 93' lang='lat' dir='ltr'>ora</span> <span class='ocrx_word' id='word_1_94' title='bbox 844 1713 989 1772; x_wconf 89' lang='lat' dir='ltr'>Pelorum.</span> 
     </span>
    </p>

    <p class='ocr_par' dir='ltr' id='par_1_9' title="bbox 253 1798 1259 2721">
     <span class='ocr_line' id='line_1_16' title="bbox 316 1798 1206 1878; baseline -0.006 -18"><span class='ocrx_word' id='word_1_95' title='bbox 316 1799 396 1874; x_wconf 83' lang='lat' dir='ltr'>Quid</span> <span class='ocrx_word' id='word_1_96' title='bbox 417 1800 539 1878; x_wconf 89' lang='lat' dir='ltr'>primum</span> <span class='ocrx_word' id='word_1_97' title='bbox 559 1799 722 1858; x_wconf 89' lang='lat' dir='ltr'>mediumve</span> <span class='ocrx_word' id='word_1_98' title='bbox 745 1815 857 1874; x_wconf 82' lang='lat' dir='ltr'>canam,</span> <span class='ocrx_word' id='word_1_99' title='bbox 880 1816 937 1877; x_wconf 92' lang='lat' dir='ltr'>quo</span> <span class='ocrx_word' id='word_1_100' title='bbox 959 1799 1015 1858; x_wconf 88' lang='lat' dir='ltr'>line</span> <span class='ocrx_word' id='word_1_101' title='bbox 1036 1798 1206 1877; x_wconf 74' lang='lat' dir='ltr'>quiescam?</span> 
     </span>
     <span class='ocr_line' id='line_1_17' title="bbox 254 1881 1257 1961; baseline 0 -15"><span class='ocrx_word' id='word_1_102' title='bbox 254 1887 419 1946; x_wconf 68' lang='lat' dir='ltr'>auratasne</span> <span class='ocrx_word' id='word_1_103' title='bbox 437 1881 555 1959; x_wconf 83' lang='lat' dir='ltr'>trabes,</span> <span class='ocrx_word' id='word_1_104' title='bbox 579 1901 615 1944; x_wconf 89' lang='lat' dir='ltr'>an</span> <span class='ocrx_word' id='word_1_105' title='bbox 636 1881 754 1941; x_wconf 85' lang='lat' dir='ltr'>Mauros</span> <span class='ocrx_word' id='word_1_106' title='bbox 775 1883 900 1960; x_wconf 91' lang='lat' dir='ltr'>undique</span> <span class='ocrx_word' id='word_1_107' title='bbox 921 1892 1035 1961; x_wconf 84' lang='lat' dir='ltr'>postes,</span> <span class='ocrx_word' id='word_1_108' title='bbox 1223 1893 1257 1946; x_wconf 79' lang='lat'>35</span> 
     </span>
     <span class='ocr_line' id='line_1_18' title="bbox 253 1967 872 2048; baseline -0.005 -18"><span class='ocrx_word' id='word_1_109' title='bbox 253 1972 299 2030; x_wconf 78' lang='lat' dir='ltr'>An</span> <span class='ocrx_word' id='word_1_110' title='bbox 321 1970 465 2048; x_wconf 89' lang='lat' dir='ltr'>picturata</span> <span class='ocrx_word' id='word_1_111' title='bbox 486 1967 614 2027; x_wconf 88' lang='lat' dir='ltr'>lucentia</span> <span class='ocrx_word' id='word_1_112' title='bbox 632 1983 775 2026; x_wconf 87' lang='lat' dir='ltr'>marmora</span> <span class='ocrx_word' id='word_1_113' title='bbox 796 1986 872 2027; x_wconf 88' lang='lat' dir='ltr'>vena</span> 
     </span>
     <span class='ocr_line' id='line_1_19' title="bbox 254 2051 1081 2131; baseline -0.005 -17"><span class='ocrx_word' id='word_1_114' title='bbox 254 2054 361 2130; x_wconf 80' lang='lat' dir='ltr'>llirer,</span> <span class='ocrx_word' id='word_1_115' title='bbox 384 2070 421 2112; x_wconf 90' lang='lat' dir='ltr'>an</span> <span class='ocrx_word' id='word_1_116' title='bbox 444 2052 566 2112; x_wconf 86' lang='lat' dir='ltr'>emissas</span> <span class='ocrx_word' id='word_1_117' title='bbox 589 2069 643 2130; x_wconf 89' lang='lat' dir='ltr'>per</span> <span class='ocrx_word' id='word_1_118' title='bbox 666 2060 768 2110; x_wconf 89' lang='lat' dir='ltr'>cuncta</span> <span class='ocrx_word' id='word_1_119' title='bbox 792 2051 897 2112; x_wconf 89' lang='lat' dir='ltr'>cubilia</span> <span class='ocrx_word' id='word_1_120' title='bbox 919 2051 1081 2131; x_wconf 80' lang='lat' dir='ltr'>nymphas?</span> 
     </span>
     <span class='ocr_line' id='line_1_20' title="bbox 254 2135 1198 2212; baseline -0.007 -12"><span class='ocrx_word' id='word_1_121' title='bbox 254 2140 316 2200; x_wconf 88' lang='lat' dir='ltr'>lluc</span> <span class='ocrx_word' id='word_1_122' title='bbox 339 2137 452 2212; x_wconf 83' lang='lat' dir='ltr'>oculis,</span> <span class='ocrx_word' id='word_1_123' title='bbox 473 2135 531 2196; x_wconf 92' lang='lat' dir='ltr'>huc</span> <span class='ocrx_word' id='word_1_124' title='bbox 552 2145 648 2196; x_wconf 91' lang='lat' dir='ltr'>mente</span> <span class='ocrx_word' id='word_1_125' title='bbox 671 2135 779 2196; x_wconf 89' lang='lat' dir='ltr'>trahor.</span> <span class='ocrx_word' id='word_1_126' title='bbox 824 2136 1003 2196; x_wconf 88' lang='lat' dir='ltr'>Venerabile</span> <span class='ocrx_word' id='word_1_127' title='bbox 1027 2136 1118 2195; x_wconf 88' lang='lat' dir='ltr'>dicam</span> <span class='ocrx_word' id='word_1_128' title='bbox 1195 2156 1198 2163; x_wconf 95' lang='lat'>·</span> 
     </span>
     <span class='ocr_line' id='line_1_21' title="bbox 253 2218 1060 2298; baseline -0.007 -14"><span class='ocrx_word' id='word_1_129' title='bbox 253 2224 398 2285; x_wconf 84' lang='lat' dir='ltr'>lucorum</span> <span class='ocrx_word' id='word_1_130' title='bbox 420 2218 553 2280; x_wconf 80' lang='lat' dir='ltr'>senium?</span> <span class='ocrx_word' id='word_1_131' title='bbox 575 2229 623 2296; x_wconf 92' lang='lat' dir='ltr'>te,</span> <span class='ocrx_word' id='word_1_132' title='bbox 647 2238 722 2298; x_wconf 93' lang='lat' dir='ltr'>quae</span> <span class='ocrx_word' id='word_1_133' title='bbox 744 2221 819 2280; x_wconf 89' lang='lat' dir='ltr'>vada</span> <span class='ocrx_word' id='word_1_134' title='bbox 841 2221 965 2280; x_wconf 81' lang='lat' dir='ltr'>fluminis</span> <span class='ocrx_word' id='word_1_135' title='bbox 988 2220 1060 2278; x_wconf 79' lang='lat' dir='ltr'>inira</span> 
     </span>
     <span class='ocr_line' id='line_1_22' title="bbox 255 2301 1259 2383; baseline -0.003 -15"><span class='ocrx_word' id='word_1_136' title='bbox 255 2307 377 2381; x_wconf 81' lang='lat' dir='ltr'>Cernis,</span> <span class='ocrx_word' id='word_1_137' title='bbox 401 2323 437 2366; x_wconf 93' lang='lat' dir='ltr'>an</span> <span class='ocrx_word' id='word_1_138' title='bbox 455 2303 492 2365; x_wconf 94' lang='lat' dir='ltr'>ad</span> <span class='ocrx_word' id='word_1_139' title='bbox 509 2305 599 2366; x_wconf 90' lang='lat' dir='ltr'>silvas</span> <span class='ocrx_word' id='word_1_140' title='bbox 618 2322 693 2382; x_wconf 90' lang='lat' dir='ltr'>quae</span> <span class='ocrx_word' id='word_1_141' title='bbox 713 2305 854 2383; x_wconf 80' lang='lat' dir='ltr'>respicis,</span> <span class='ocrx_word' id='word_1_142' title='bbox 878 2305 961 2379; x_wconf 80' lang='lat' dir='ltr'>aula,</span> <span class='ocrx_word' id='word_1_143' title='bbox 984 2301 1138 2364; x_wconf 83' lang='lat' dir='ltr'>tacentes?</span> <span class='ocrx_word' id='word_1_144' title='bbox 1225 2313 1259 2365; x_wconf 79' lang='lat' dir='ltr'>to</span> 
     </span>
     <span class='ocr_line' id='line_1_23' title="bbox 254 2389 1030 2473; baseline -0.006 -21"><span class='ocrx_word' id='word_1_145' title='bbox 254 2393 317 2466; x_wconf 91' lang='lat' dir='ltr'>Qua</span> <span class='ocrx_word' id='word_1_146' title='bbox 336 2390 392 2473; x_wconf 78' lang='lat' dir='ltr'>tibi</span> <span class='ocrx_word' id='word_1_147' title='bbox 413 2399 474 2450; x_wconf 88' lang='lat' dir='ltr'>tota</span> <span class='ocrx_word' id='word_1_148' title='bbox 496 2391 599 2468; x_wconf 82' lang='lat' dir='ltr'>quies,</span> <span class='ocrx_word' id='word_1_149' title='bbox 621 2389 793 2468; x_wconf 79' lang='lat' dir='ltr'>offensaque</span> <span class='ocrx_word' id='word_1_150' title='bbox 815 2390 929 2449; x_wconf 90' lang='lat' dir='ltr'>turbine</span> <span class='ocrx_word' id='word_1_151' title='bbox 951 2390 1030 2448; x_wconf 90' lang='lat' dir='ltr'>nullo</span> 
     </span>
     <span class='ocr_line' id='line_1_24' title="bbox 253 2473 1067 2550; baseline -0.004 -14"><span class='ocrx_word' id='word_1_152' title='bbox 253 2476 321 2537; x_wconf 83' lang='lat' dir='ltr'>Nox</span> <span class='ocrx_word' id='word_1_153' title='bbox 345 2475 413 2535; x_wconf 91' lang='lat' dir='ltr'>silet</span> <span class='ocrx_word' id='word_1_154' title='bbox 432 2483 462 2534; x_wconf 93' lang='lat' dir='ltr'>et</span> <span class='ocrx_word' id='word_1_155' title='bbox 483 2474 584 2550; x_wconf 84' lang='lat' dir='ltr'>nigros</span> <span class='ocrx_word' id='word_1_156' title='bbox 603 2475 740 2534; x_wconf 84' lang='lat' dir='ltr'>imitantia</span> <span class='ocrx_word' id='word_1_157' title='bbox 762 2492 905 2533; x_wconf 90' lang='lat' dir='ltr'>murmura</span> <span class='ocrx_word' id='word_1_158' title='bbox 927 2473 1067 2533; x_wconf 79' lang='lat' dir='ltr'>somnos?</span> 
     </span>
     <span class='ocr_line' id='line_1_25' title="bbox 254 2554 1032 2638; baseline -0.004 -17"><span class='ocrx_word' id='word_1_159' title='bbox 254 2561 298 2621; x_wconf 80' lang='lat' dir='ltr'>dn</span> <span class='ocrx_word' id='word_1_160' title='bbox 322 2577 399 2638; x_wconf 88' lang='lat' dir='ltr'>qnae</span> <span class='ocrx_word' id='word_1_161' title='bbox 421 2554 570 2636; x_wconf 79' lang='lat' dir='ltr'>graminea</span> <span class='ocrx_word' id='word_1_162' title='bbox 591 2568 729 2637; x_wconf 89' lang='lat' dir='ltr'>suscepta</span> <span class='ocrx_word' id='word_1_163' title='bbox 751 2559 901 2636; x_wconf 90' lang='lat' dir='ltr'>crepidine</span> <span class='ocrx_word' id='word_1_164' title='bbox 925 2560 1032 2619; x_wconf 88' lang='lat' dir='ltr'>fumant</span> 
     </span>
     <span class='ocr_line' id='line_1_26' title="bbox 253 2642 1013 2721; baseline -0.005 -16"><span class='ocrx_word' id='word_1_165' title='bbox 253 2645 364 2706; x_wconf 86' lang='lat' dir='ltr'>Bnlnea</span> <span class='ocrx_word' id='word_1_166' title='bbox 387 2652 418 2703; x_wconf 91' lang='lat' dir='ltr'>et</span> <span class='ocrx_word' id='word_1_167' title='bbox 439 2643 594 2721; x_wconf 91' lang='lat' dir='ltr'>inpositurn</span> <span class='ocrx_word' id='word_1_168' title='bbox 613 2643 685 2720; x_wconf 88' lang='lat' dir='ltr'>ripis</span> <span class='ocrx_word' id='word_1_169' title='bbox 708 2642 873 2719; x_wconf 86' lang='lat' dir='ltr'>algentibus</span> <span class='ocrx_word' id='word_1_170' title='bbox 895 2642 1013 2720; x_wconf 73' lang='lat' dir='ltr'>ignem?</span> 
     </span>
    </p>

    <p class='ocr_par' dir='ltr' id='par_1_10' title="bbox 253 2728 1014 2891">
     <span class='ocr_line' id='line_1_27' title="bbox 253 2728 1014 2807; baseline -0.007 -16"><span class='ocrx_word' id='word_1_171' title='bbox 253 2729 379 2807; x_wconf 90' lang='lat' dir='ltr'>Quaque</span> <span class='ocrx_word' id='word_1_172' title='bbox 401 2728 578 2806; x_wconf 87' lang='lat' dir='ltr'>vaporiferis</span> <span class='ocrx_word' id='word_1_173' title='bbox 600 2728 714 2785; x_wconf 89' lang='lat' dir='ltr'>iunctus</span> <span class='ocrx_word' id='word_1_174' title='bbox 736 2728 904 2787; x_wconf 87' lang='lat' dir='ltr'>fornacibus</span> <span class='ocrx_word' id='word_1_175' title='bbox 925 2729 1014 2788; x_wconf 90' lang='lat' dir='ltr'>amnis</span> 
     </span>
     <span class='ocr_line' id='line_1_28' title="bbox 254 2809 974 2891; baseline -0.006 -17"><span class='ocrx_word' id='word_1_176' title='bbox 254 2812 343 2874; x_wconf 84' lang='lat' dir='ltr'>llidet</span> <span class='ocrx_word' id='word_1_177' title='bbox 364 2811 535 2873; x_wconf 89' lang='lat' dir='ltr'>anhelantes</span> <span class='ocrx_word' id='word_1_178' title='bbox 555 2813 653 2871; x_wconf 90' lang='lat' dir='ltr'>vicino</span> <span class='ocrx_word' id='word_1_179' title='bbox 674 2811 790 2871; x_wconf 80' lang='lat' dir='ltr'>{lumine</span> <span class='ocrx_word' id='word_1_180' title='bbox 811 2809 974 2891; x_wconf 78' lang='lat' dir='ltr'>nymphas?</span> 
     </span>
    </p>

    <p class='ocr_par' dir='ltr' id='par_1_11' title="bbox 252 2896 1129 3141">
     <span class='ocr_line' id='line_1_29' title="bbox 315 2896 1129 2975; baseline 0 -19"><span class='ocrx_word' id='word_1_181' title='bbox 315 2896 386 2956; x_wconf 90' lang='lat' dir='ltr'>Vidi</span> <span class='ocrx_word' id='word_1_182' title='bbox 407 2906 486 2956; x_wconf 86' lang='lat' dir='ltr'>artes</span> <span class='ocrx_word' id='word_1_183' title='bbox 507 2904 698 2975; x_wconf 89' lang='lat' dir='ltr'>veterumque</span> <span class='ocrx_word' id='word_1_184' title='bbox 721 2914 821 2956; x_wconf 87' lang='lat' dir='ltr'>manus</span> <span class='ocrx_word' id='word_1_185' title='bbox 841 2897 989 2975; x_wconf 88' lang='lat' dir='ltr'>variisque</span> <span class='ocrx_word' id='word_1_186' title='bbox 1012 2897 1129 2956; x_wconf 84' lang='lat' dir='ltr'>metalla</span> 
     </span>
     <span class='ocr_line' id='line_1_30' title="bbox 253 2979 1064 3063; baseline -0.002 -23"><span class='ocrx_word' id='word_1_187' title='bbox 253 2981 326 3042; x_wconf 84' lang='lat' dir='ltr'>Viva</span> <span class='ocrx_word' id='word_1_188' title='bbox 348 2980 452 3040; x_wconf 87' lang='lat' dir='ltr'>modis.</span> <span class='ocrx_word' id='word_1_189' title='bbox 483 2979 593 3040; x_wconf 72' lang='lat' dir='ltr'>-Labor</span> <span class='ocrx_word' id='word_1_190' title='bbox 613 2989 659 3063; x_wconf 85' lang='lat' dir='ltr'>est</span> <span class='ocrx_word' id='word_1_191' title='bbox 677 2981 737 3040; x_wconf 90' lang='lat' dir='ltr'>auri</span> <span class='ocrx_word' id='word_1_192' title='bbox 760 2997 923 3040; x_wconf 88' lang='lat' dir='ltr'>memorare</span> <span class='ocrx_word' id='word_1_193' title='bbox 944 2980 1064 3056; x_wconf 79' lang='lat' dir='ltr'>figuras,</span> 
     </span>
     <span class='ocr_line' id='line_1_31' title="bbox 252 3063 1073 3141; baseline -0.005 -15"><span class='ocrx_word' id='word_1_194' title='bbox 252 3067 310 3126; x_wconf 78' lang='lat' dir='ltr'>dut</span> <span class='ocrx_word' id='word_1_195' title='bbox 330 3063 405 3124; x_wconf 90' lang='lat' dir='ltr'>ebur</span> <span class='ocrx_word' id='word_1_196' title='bbox 426 3072 475 3123; x_wconf 90' lang='lat' dir='ltr'>aut</span> <span class='ocrx_word' id='word_1_197' title='bbox 492 3065 594 3141; x_wconf 79' lang='lat' dir='ltr'>dignas</span> <span class='ocrx_word' id='word_1_198' title='bbox 618 3064 715 3141; x_wconf 82' lang='lat' dir='ltr'>digitis</span> <span class='ocrx_word' id='word_1_199' title='bbox 738 3065 909 3141; x_wconf 82' lang='lat' dir='ltr'>contingere</span> <span class='ocrx_word' id='word_1_200' title='bbox 932 3082 1073 3140; x_wconf 66' lang='lat' dir='ltr'>gemmas,</span> 
     </span>
    </p>

    <p class='ocr_par' dir='ltr' id='par_1_12' title="bbox 251 3147 1124 3886">
     <span class='ocr_line' id='line_1_32' title="bbox 253 3147 1100 3228; baseline -0.004 -17"><span class='ocrx_word' id='word_1_201' title='bbox 253 3148 400 3228; x_wconf 78' lang='lat' dir='ltr'>Quidquid</span> <span class='ocrx_word' id='word_1_202' title='bbox 420 3158 449 3208; x_wconf 91' lang='lat' dir='ltr'>et</span> <span class='ocrx_word' id='word_1_203' title='bbox 467 3157 589 3225; x_wconf 84' lang='lat' dir='ltr'>argento</span> <span class='ocrx_word' id='word_1_204' title='bbox 612 3151 732 3227; x_wconf 91' lang='lat' dir='ltr'>primum</span> <span class='ocrx_word' id='word_1_205' title='bbox 753 3149 802 3208; x_wconf 90' lang='lat' dir='ltr'>vel</span> <span class='ocrx_word' id='word_1_206' title='bbox 825 3151 854 3207; x_wconf 91' lang='lat' dir='ltr'>in</span> <span class='ocrx_word' id='word_1_207' title='bbox 877 3167 946 3207; x_wconf 90' lang='lat' dir='ltr'>aere</span> <span class='ocrx_word' id='word_1_208' title='bbox 971 3147 1100 3223; x_wconf 79' lang='lat' dir='ltr'>Myronis</span> 
     </span>
     <span class='ocr_line' id='line_1_33' title="bbox 251 3233 1095 3311; baseline -0.005 -17"><span class='ocrx_word' id='word_1_209' title='bbox 251 3235 331 3295; x_wconf 84' lang='lat' dir='ltr'>lusit</span> <span class='ocrx_word' id='word_1_210' title='bbox 355 3242 386 3293; x_wconf 91' lang='lat' dir='ltr'>et</span> <span class='ocrx_word' id='word_1_211' title='bbox 407 3250 543 3293; x_wconf 89' lang='lat' dir='ltr'>enormes</span> <span class='ocrx_word' id='word_1_212' title='bbox 564 3250 663 3292; x_wconf 90' lang='lat' dir='ltr'>manus</span> <span class='ocrx_word' id='word_1_213' title='bbox 686 3242 732 3292; x_wconf 91' lang='lat' dir='ltr'>est</span> <span class='ocrx_word' id='word_1_214' title='bbox 754 3242 877 3311; x_wconf 87' lang='lat' dir='ltr'>experta</span> <span class='ocrx_word' id='word_1_215' title='bbox 901 3233 1048 3292; x_wconf 86' lang='lat' dir='ltr'>colossos.</span> <span class='ocrx_word' id='word_1_216' title='bbox 1092 3293 1095 3299; x_wconf 59' lang='grc'>,</span> 
     </span>
     <span class='ocr_line' id='line_1_34' title="bbox 252 3317 1076 3396; baseline -0.002 -18"><span class='ocrx_word' id='word_1_217' title='bbox 252 3318 326 3378; x_wconf 87' lang='lat' dir='ltr'>Dum</span> <span class='ocrx_word' id='word_1_218' title='bbox 348 3334 443 3394; x_wconf 84' lang='lat' dir='ltr'>vagor</span> <span class='ocrx_word' id='word_1_219' title='bbox 466 3317 609 3396; x_wconf 90' lang='lat' dir='ltr'>adspectu</span> <span class='ocrx_word' id='word_1_220' title='bbox 630 3319 770 3394; x_wconf 90' lang='lat' dir='ltr'>visusque</span> <span class='ocrx_word' id='word_1_221' title='bbox 793 3336 848 3396; x_wconf 91' lang='lat' dir='ltr'>per</span> <span class='ocrx_word' id='word_1_222' title='bbox 870 3319 963 3377; x_wconf 92' lang='lat' dir='ltr'>omnia</span> <span class='ocrx_word' id='word_1_223' title='bbox 989 3317 1076 3392; x_wconf 71' lang='lat' dir='ltr'>duco,</span> 
     </span>
     <span class='ocr_line' id='line_1_35' title="bbox 253 3399 1124 3480; baseline -0.001 -18"><span class='ocrx_word' id='word_1_224' title='bbox 253 3400 411 3463; x_wconf 76' lang='lat' dir='ltr'>calcabam</span> <span class='ocrx_word' id='word_1_225' title='bbox 434 3402 596 3479; x_wconf 90' lang='lat' dir='ltr'>necopinus</span> <span class='ocrx_word' id='word_1_226' title='bbox 620 3419 704 3479; x_wconf 89' lang='lat' dir='ltr'>opes.</span> <span class='ocrx_word' id='word_1_227' title='bbox 747 3399 819 3459; x_wconf 90' lang='lat' dir='ltr'>Nam</span> <span class='ocrx_word' id='word_1_228' title='bbox 842 3401 983 3480; x_wconf 89' lang='lat' dir='ltr'>splendor</span> <span class='ocrx_word' id='word_1_229' title='bbox 1005 3401 1041 3461; x_wconf 91' lang='lat' dir='ltr'>ab</span> <span class='ocrx_word' id='word_1_230' title='bbox 1065 3402 1124 3462; x_wconf 88' lang='lat' dir='ltr'>alto</span> 
     </span>
     <span class='ocr_line' id='line_1_36' title="bbox 251 3485 964 3547; baseline -0.003 0"><span class='ocrx_word' id='word_1_231' title='bbox 251 3486 373 3547; x_wconf 80' lang='lat' dir='ltr'>Defluus</span> <span class='ocrx_word' id='word_1_232' title='bbox 396 3494 427 3545; x_wconf 87' lang='lat' dir='ltr'>ct</span> <span class='ocrx_word' id='word_1_233' title='bbox 448 3485 567 3545; x_wconf 91' lang='lat' dir='ltr'>nitidum</span> <span class='ocrx_word' id='word_1_234' title='bbox 591 3485 756 3546; x_wconf 84' lang='lat' dir='ltr'>referentes</span> <span class='ocrx_word' id='word_1_235' title='bbox 779 3503 848 3544; x_wconf 89' lang='lat' dir='ltr'>aera</span> <span class='ocrx_word' id='word_1_236' title='bbox 870 3494 964 3545; x_wconf 91' lang='lat' dir='ltr'>testae</span> 
     </span>
     <span class='ocr_line' id='line_1_37' title="bbox 252 3568 1057 3648; baseline -0.004 -18"><span class='ocrx_word' id='word_1_237' title='bbox 252 3570 455 3631; x_wconf 89' lang='lat' dir='ltr'>llonstravere</span> <span class='ocrx_word' id='word_1_238' title='bbox 479 3569 587 3637; x_wconf 89' lang='lat' dir='ltr'>solum;</span> <span class='ocrx_word' id='word_1_239' title='bbox 609 3570 706 3630; x_wconf 89' lang='lat' dir='ltr'>varias</span> <span class='ocrx_word' id='word_1_240' title='bbox 725 3568 776 3627; x_wconf 88' lang='lat' dir='ltr'>ubi</span> <span class='ocrx_word' id='word_1_241' title='bbox 800 3571 877 3647; x_wconf 89' lang='lat' dir='ltr'>picta</span> <span class='ocrx_word' id='word_1_242' title='bbox 901 3587 955 3648; x_wconf 94' lang='lat' dir='ltr'>per</span> <span class='ocrx_word' id='word_1_243' title='bbox 977 3578 1057 3628; x_wconf 90' lang='lat' dir='ltr'>artes</span> 
     </span>
     <span class='ocr_line' id='line_1_38' title="bbox 252 3653 1062 3733; baseline -0.006 -19"><span class='ocrx_word' id='word_1_244' title='bbox 252 3654 366 3715; x_wconf 85' lang='lat' dir='ltr'>Gaudet</span> <span class='ocrx_word' id='word_1_245' title='bbox 385 3655 488 3715; x_wconf 90' lang='lat' dir='ltr'>humus</span> <span class='ocrx_word' id='word_1_246' title='bbox 507 3663 686 3733; x_wconf 90' lang='lat' dir='ltr'>superatque</span> <span class='ocrx_word' id='word_1_247' title='bbox 709 3655 793 3712; x_wconf 90' lang='lat' dir='ltr'>novis</span> <span class='ocrx_word' id='word_1_248' title='bbox 816 3663 931 3713; x_wconf 88' lang='lat' dir='ltr'>asarota</span> <span class='ocrx_word' id='word_1_249' title='bbox 953 3653 1062 3729; x_wconf 85' lang='lat' dir='ltr'>liguris.</span> 
     </span>
     <span class='ocr_line' id='line_1_39' title="bbox 251 3737 1039 3818; baseline -0.005 -20"><span class='ocrx_word' id='word_1_250' title='bbox 251 3737 409 3818; x_wconf 83' lang='lat' dir='ltr'>Expavere</span> <span class='ocrx_word' id='word_1_251' title='bbox 431 3737 550 3816; x_wconf 75' lang='lat' dir='ltr'>gradus.</span> <span class='ocrx_word' id='word_1_252' title='bbox 595 3737 671 3811; x_wconf 88' lang='lat' dir='ltr'>Quid</span> <span class='ocrx_word' id='word_1_253' title='bbox 692 3755 768 3797; x_wconf 91' lang='lat' dir='ltr'>nunc</span> <span class='ocrx_word' id='word_1_254' title='bbox 791 3738 918 3813; x_wconf 84' lang='lat' dir='ltr'>ingentia</span> <span class='ocrx_word' id='word_1_255' title='bbox 941 3737 1039 3810; x_wconf 75' lang='lat' dir='ltr'>mirer,</span> 
     </span>
     <span class='ocr_line' id='line_1_40' title="bbox 291 3818 1108 3886; baseline -0.01 0"><span class='ocrx_word' id='word_1_256' title='bbox 291 3843 430 3886; x_wconf 75' lang='lat' dir='ltr'>sranius</span> <span class='ocrx_word' id='word_1_257' title='bbox 451 3836 474 3882; x_wconf 80' lang='grc' dir='ltr'>Ι.</span> <span class='ocrx_word' id='word_1_258' title='bbox 1082 3818 1108 3878; x_wconf 64' lang='lat' dir='ltr'>‘b</span> 
     </span>
    </p>
   </div>
   <div class='ocr_carea' id='block_1_3' title="bbox 0 0 1572 4434">
    <p class='ocr_par' dir='ltr' id='par_1_13' title="bbox 0 0 1572 4434">
     <span class='ocr_line' id='line_1_41' title="bbox 0 0 1572 4434; baseline 0 0"><span class='ocrx_word' id='word_1_259' title='bbox 0 0 1572 4434; x_wconf 95' lang='lat' dir='ltr'> </span> 
     </span>
    </p>
   </div>
  </div>
 </body>
</html>
