3134 4434
603 464 807 515 runssrnos
827 465 900 515 crs.
923 465 971 515 xr.
1221 452 1286 516 243

263 625 349 688 lStat
370 622 613 700 consanguineum
632 637 734 700 campo
755 619 871 698 scelus,
893 621 976 681 unius
995 620 1097 699 ingens

263 709 395 774 rBellum
419 709 492 767 uteri
515 716 678 785 coeuntque
699 724 787 785 pares
808 705 861 766 sub
882 705 996 767 casside
1014 706 1120 766 vultus.

281 795 372 872 Signa
394 800 507 870 tacent,
529 793 639 852 siluere
658 791 745 851 tubae
767 791 988 870 stupefactaque
1008 789 1114 852 Martis·

263 876 414 946 icornum
437 886 483 936 ter
500 878 590 955 nigris
612 877 713 937 avidus
730 885 869 953 regnator
890 875 927 936 ab
948 876 1012 935 oris·
1228 887 1282 940 410

278 962 423 1038 Intonuit,
446 970 549 1041 terque
568 963 624 1022 ima
645 962 701 1021 soli
723 961 886 1035 concussit,
908 968 938 1021 et
959 960 1018 1038 ipsi
1117 996 1119 1001 -

278 1047 435 1108 Armorum
458 1046 562 1124 lugere
583 1046 645 1116 dei;
667 1062 807 1124 nusquam
827 1044 925 1106 inclita
946 1045 1048 1119 virtus,

279 1131 426 1194 Restiuxlt
445 1130 566 1192 Bellona
587 1130 686 1208 laces,
708 1129 857 1209 longeque
878 1138 1018 1209 parentes

278 1216 359 1278 Mars
381 1216 475 1295 rapuit
495 1234 612 1292 currus,
635 1224 664 1276 et
685 1214 823 1291 Gorgone
846 1214 933 1275 cruda
955 1215 1058 1292 virago

263 1300 417 1383 ‚nostium
439 1301 526 1380 inque
547 1302 641 1360 ricem
659 1300 779 1376 Stygiae
798 1297 925 1359 rubuere
943 1314 1073 1358 sorores.
1227 1305 1278 1362 415

264 1389 265 1393 ’
346 1384 491 1444 Prominet
511 1383 639 1445 excelsis
656 1384 761 1462 vulgos
782 1382 948 1443 miserabile
969 1384 1064 1458 tectis,

263 1467 394 1546 ,Cuncta
414 1470 691 1550 madentvlacrimis,
716 1477 746 1528 et
767 1467 805 1527 ab
827 1469 903 1529 omui
924 1467 1069 1547 plangitur
1091 1485 1169 1528 arce.

263 1552 355 1644 ‚Hinc
375 1554 471 1632 questi
491 1555 601 1614 vixisse
622 1570 726 1629 serres,
747 1552 814 1613 hinc
832 1561 956 1632 pectore
977 1552 1054 1613 nudo

264 1640 364 1700 'Stant
384 1647 490 1698 matres
510 1655 675 1717 parvosque
697 1645 796 1698 vetant
813 1636 964 1698 attendere
982 1646 1075 1698 natos

263 1723 350 1803 ⁴Ipse
375 1739 492 1803 quoque
512 1722 643 1801 Ogygios
665 1731 792 1783 monstra
814 1723 850 1784 ad
871 1721 991 1800 gentilia
1011 1740 1109 1782 manes
1224 1731 1277 1788 ito

263 1807 437 1890 {Tartareus
457 1817 558 1868 rector
579 1817 662 1887 porta
684 1806 764 1867 iubet
783 1808 829 1868 ire
848 1807 974 1868 reclusa.

278 1892 426 1955 Montibus
445 1893 570 1954 insidunt
591 1893 690 1971 patriis
711 1892 844 1971 tristique
863 1909 971 1952 corona

276 1977 415 2040 luiecere
438 1976 513 2037 diem
535 1986 569 2038 ct·
584 1979 661 2036 vinci
685 1994 736 2037 sua
759 1977 879 2037 crimina
895 1977 1032 2053 gaudent.

344 2061 415 2122 Illos
436 2071 468 2120 ut
489 2061 608 2121 stinmlis
629 2063 672 2121 ire
696 2061 725 2120 iu
746 2060 900 2121 discrimen
921 2061 1031 2138 apertis

277 2147 378 2209 Audiit
398 2155 428 2206 et
449 2146 556 2206 sceleri
577 2145 684 2206 nullum
705 2145 760 2204 iam
782 2144 901 2205 obstare
919 2144 1070 2224 pudorem,
1222 2154 1276 2208 sto

277 2231 424 2308 Advolat,
448 2241 478 2291 et
499 2230 607 2291 medias
628 2229 742 2289 inmittit
759 2228 901 2289 Adrastus
922 2226 1059 2289 habenas.

276 2316 348 2396 Ipse
368 2315 482 2394 quidem
503 2317 603 2392 regnis
622 2313 740 2374 multum
762 2322 793 2373 et
814 2312 990 2375 venerabilis
1012 2329 1098 2388 aevo,

277 2401 340 2464 Sed
359 2399 520 2480 quid'apud
541 2400 633 2476 tales,
657 2401 720 2477 quis
742 2416 798 2459 uec
819 2416 871 2459 sua
889 2399 1011 2477 pignora
1034 2414 1131 2472 curae,

276 2485 372 2548 Exter
391 2481 507 2545 honos?
546 2483 653 2544 Tamen
675 2483 725 2544 ille
745 2492 845 2561 rogat:
870 2480 1089 2563 ‘Spectabimus
1110 2498 1193 2558 ergo,

275 2571 433 2634 Inachidae
452 2569 589 2649 Tyriique
611 2565 717 2629 nefas?
739 2569 789 2628 ubi
809 2569 870 2629 iura
891 2562 1018 2647 deique?
1219 2573 1272 2630 too

275 2655 361 2718 Bella
381 2651 452 2714 ubi?
472 2673 510 2715 ue
531 2663 661 2734 perstate
682 2655 793 2716 animis.
837 2653 879 2715 Te
904 2653 1066 2732 deprecor,
1088 2650 1191 2725 hostis,

278 2739 472 2818 Quamquam,
492 2739 567 2800 haec
586 2740 630 2798 ira
650 2739 740 2815 sinat,
762 2757 818 2798 nec
839 2747 869 2798 tu
888 2737 955 2796 mihi
970 2735 1109 2812 sanguiue
1125 2735 1228 2812 ionge;

278 2823 340 2900 Te,
362 2841 470 2901 gener,
494 2831 524 2883 et
542 2822 644 2890 iubeo;
667 2824 777 2900 sceptri
799 2824 824 2881 si
844 2831 922 2882 tanta
942 2821 1047 2901 cupido
1070 2828 1126 2894 est,

277 2907 363 2969 Exuo
385 2906 503 2984 regales
520 2905 650 2982 habitus,
672 2908 682 2965 i
703 2905 815 2966 Lernan
835 2915 864 2966 et
883 2905 981 2982 Argos

278 2991 367 3055 Solus
387 2991 486 3053 habe!
527 2990 594 3051 Non
610 2990 702 3051 verbu
720 2991 813 3068 magis
832 2989 981 3051 suadentia
1001 2988 1136 3066 frangunt
1219 2996 1270 3052 sot
1304 3066 1307 3070 ι

275 3078 447 3154 depensos,
470 3077 648 3154 sumptisque
669 3075 761 3136 semel
782 3075 932 3136 conatibus
954 3073 1078 3148 obstant,

277 3161 371 3237 Quam
390 3160 498 3237 Scytha
519 3161 644 3221 curratis
669 3169 786 3220 erectus
806 3160 939 3221 ductibus
961 3174 1093 3237 umquam

275 3247 385 3310 Pontus
406 3244 541 3322 Cyaneos
561 3246 651 3306 vetuit
672 3262 848 3306 concurrere
871 3254 994 3307 montes.

340 3330 378 3392 Ut
399 3332 523 3411 periisse
544 3346 652 3410 preces
670 3332 861 3409 geminosque
881 3329 917 3390 ad
936 3328 1050 3409 proelia
1070 3327 1151 3389 fusos
1263 3381 1266 3388 .

274 3415 401 3480 Pulvere
420 3416 594 3495 cornipedes
612 3415 820 3495 explorarique
842 3415 986 3476 furentum
1216 3420 1269 3476 tto

273 3501 309 3565 ln
332 3500 428 3579 digitis
448 3510 560 3562 amenta
581 3499 676 3576 videt,
698 3500 773 3577 iugit
794 3501 887 3561 omnia
908 3500 1040 3579 linquens

275 3584 396 3662 Castra,
418 3586 515 3661 viros,
537 3603 692 3664 genemm‚
715 3583 848 3661 Thebas,
870 3602 906 3646 ac
925 3585 985 3646 iata
1005 3593 1167 3645 monentem

274 3668 515 3749 conversumque
536 3672 606 3748 iugo
626 3669 765 3750 propellit
783 3667 907 3739 drionm
929 3669 1023 3750 qualis

273 3755 427 3820 Demissus
448 3773 534 3817 curru
554 3754 657 3817 laevae
678 3763 747 3836 post
766 3756 900 3837 praemia
918 3757 1013 3817 sort‘rs
1068 3827 1136 3891 W
