3134 4434
228 411 231 414 ⁴
330 417 389 481 106
665 430 983 480 1².1›s1›1u11sunu11

326 589 435 665 Stagna
455 606 509 667 per
529 595 703 667 arentesque
723 588 804 648 lacus
826 583 980 667 fontesque
994 604 1156 667 repressos

326 673 469 748 Volvitur,
493 681 521 733 et
542 674 641 734 vacuis
663 672 814 732 fluviorum
835 674 863 731 in
881 672 1006 732 vallibus
1023 683 1112 751 errat,

325 758 515 834 incertusque
535 759 580 817 sui
601 757 737 836 liquidum
756 775 831 816 nnnc
851 774 918 817 aera
938 757 1035 818 lambit

327 841 385 901 Ore
407 843 554 920 supinato,
576 860 651 902 nunc
677 860 745 902 arra
764 843 907 919 gementia
928 842 1032 903 radens
1281 857 1330 911 555

326 926 435 986 Pronus
454 925 593 986 adhaeret
614 925 716 1002 humo,
739 929 763 986 si
786 926 853 1004 quid
874 927 1022 987 viridantia
1044 926 1151 988 sudent

326 1009 473 1077 Gramina;
495 1028 655 1090 percussae
677 1011 779 1071 calidis
801 1009 946 1071 afflatibus
966 1011 1086 1088 herbae,

326 1094 389 1169 Qua
410 1095 474 1154 tulit
496 1111 564 1172 ora,
587 1095 708 1171 cadunt,
728 1097 907 1174 moriturque
929 1095 964 1155 ad
984 1096 1069 1157 sibila
1090 1115 1241 1176 campus,

385 1179 514 1253 Quantus
534 1179 570 1239 ab
592 1178 709 1240 Arctois
731 1179 905 1240 discriminat
926 1181 1044 1241 aethera
1068 1180 1215 1260 plaustris

325 1263 436 1341 Anguis
460 1263 609 1342 adusque
631 1263 725 1324 Notos
745 1265 928 1342 alienumque
949 1267 1009 1324 exit
1030 1267 1058 1324 in
1080 1266 1201 1328 orb'em.
1241 1335 1245 1343 ¹
1276 1279 1328 1334 530

325 1346 454 1421 Quantus
477 1359 507 1409 et
527 1349 578 1409 illc
600 1350 677 1410 sacri
698 1350 785 1428 spiris
806 1351 911 1409 intorta
932 1349 1069 1411 movebat

326 1431 440 1492 Cornua
461 1431 610 1510 Parnassi,
631 1434 726 1494 donec
746 1433 815 1509 tibi,
837 1432 939 1510 Delie,
962 1434 1036 1494 lixus

322 1515 411 1578 Venit
432 1518 615 1578 arundineam
636 1526 760 1578 centeno
781 1518 902 1577 vulnere
924 1519 1036 1578 silvam.

386 1602 457 1676 Quis
479 1601 547 1679 tibi,
568 1620 677 1682 parve,
701 1602 772 1663 deus
798 1610 853 1662 tam
874 1605 967 1681 magni
989 1602 1119 1683 pondera
1137 1603 1193 1665 fati

323 1687 410 1747 Sorte
433 1684 532 1747 dediti
553 1696 620 1747 tune
638 1686 695 1747 boo
715 1688 765 1746 vix
787 1688 878 1766 prima
900 1688 936 1748 ad
955 1688 1144 1749 liminaribus
1271 1702 1324 1757 535

322 1769 414 1830 Hoste
432 1767 535 1830 iaces?
554 1789 589 1832 an
608 1780 638 1831 ut
658 1771 724 1831 inde
744 1773 831 1831 sacer
850 1790 905 1851 per
926 1773 1046 1833 saecula
1068 1771 1163 1834 Graiis

323 1853 460 1915 Gentibus
482 1864 511 1915 et
532 1864 611 1917 tauto
633 1855 736 1939 dignus
756 1872 905 1916 morerere
928 1854 1089 1936 sepulcro?

323 1937 439 1999 Occidis
462 1949 610 2002 extremae
631 1939 787 2001 destrictus
809 1940 935 2001 verbere
954 1942 1065 2003 caudae

321 2020 426 2101 Ignaro
450 2034 590 2105 serpente
609 2044 699 2105 puer,
719 2025 793 2104 fugit
812 2026 893 2087 ilicet
913 2036 992 2087 artus

322 2109 462 2187 Somnns,
484 2119 514 2170 et
535 2112 563 2170 in
585 2110 677 2172 solam
695 2120 849 2190 patuerunt
867 2110 1118 2171 lumina-mortem.
1270 2127 1321 2180 540

384 2193 476 2267 Quum
496 2190 591 2257 tamen
610 2197 731 2257 attonito
752 2197 879 2255 moriens
898 2197 1010 2273 vagitus
1032 2198 1061 2256 in
1081 2214 1166 2258 auras

320 2276 437 2339 Excidit
457 2289 486 2340 et
505 2281 597 2359 ruptis
616 2282 747 2341 inmutuit
764 2297 816 2340 ore
832 2281 971 2358 querelis,

321 2362 424 2436 Qualia
446 2381 503 2423 non
524 2372 601 2424 totas
621 2373 763 2445 peragunt
785 2366 924 2424 insomnia
945 2382 1047 2440 voces,

321 2446 420 2507 Audiit
437 2447 617 2528 Hypsipyle,
637 2449 813 2527 facilemque
834 2450 969 2527 negantia
992 2467 1105 2510 cursum

319 2529 466 2591 Exanimis
487 2550 583 2610 genua
605 2550 694 2611 aegra
715 2534 804 2611 rapit;
828 2535 882 2593 iam
905 2543 985 2594 certa
1007 2534 1146 2594 malorum
1266 2550 1317 2604 545

319 2613 425 2675 flentis
445 2615 480 2676 ab
503 2617 623 2694 augurio
642 2633 804 2696 sparsoque
826 2635 881 2697 per
901 2621 995 2679 omnia
1015 2619 1079 2678 nisu

319 2699 434 2760 Lustrat
455 2701 567 2761 humum
589 2718 732 2781 quaerens
756 2709 785 2761 et
806 2711 873 2763 nota
893 2702 1037 2764 vocabula
1056 2721 1147 2782 parvo

318 2783 519 2866 Nequicquam
537 2787 729 2865 ingeminans;
751 2805 890 2867 nusquam
910 2787 976 2865 ille,
998 2798 1027 2848 et
1048 2797 1130 2867 prata
1147 2804 1289 2857 recentes

320 2869 454 2931 Amisere
475 2880 573 2942 notas;
592 2872 677 2932 viridi
697 2875 785 2952 piger
805 2874 927 2934 accubat
948 2871 1040 2933 bostis

321 2952 470 3017 Collectus
491 2973 565 3035 gyro
588 2958 775 3037 spatiosaque
797 2958 898 3036 iugera
915 2957 1052 3036 complet,
1265 2976 1315 3029 555

320 3039 370 3099 Sic
392 3041 477 3101 etiam
498 3040 615 3121 obliqua
639 3044 784 3102 cervicem
806 3053 945 3123 expostus
965 3044 993 3102 in
1014 3042 1090 3103 alvo.

318 3121 435 3184 Horruit
455 3124 557 3185 infelix
576 3127 656 3203 nisu,
677 3127 826 3206 longoque
847 3128 1019 3207 profundum

318 3206 449 3269 Incendit
470 3210 598 3270 clamore
619 3228 736 3288 nemus,
758 3230 814 3273 nec
832 3213 949 3273 territus
969 3212 1031 3288 ille,

320 3291 380 3352 Sed
399 3294 486 3355 iacet.
526 3292 683 3372 Argolicas
705 3296 830 3357 ululatus
850 3297 957 3357 flebilis
978 3314 1064 3358 aures

270 3424 273 3430 .
318 3375 438 3456 Inpulit;
462 3379 610 3457 extemplo
631 3381 738 3441 monitu
759 3380 840 3442 ducis
863 3380 978 3443 advolat
998 3382 1103 3442 ardens
1264 3401 1314 3455 555

319 3461 413 3522 Arcas
434 3481 526 3543 eques
544 3481 717 3544 causamque
739 3466 840 3526 refert
879 3465 952 3527 'lum
968 3484 1106 3546 squamea
1124 3465 1239 3533 demum

319 3546 433 3607 'lorvus
455 3548 491 3609 ad
512 3564 653 3610 armomm
674 3551 772 3612 radios
793 3552 996 3630 fremitumque
1015 3554 1142 3612 virorum

319 3628 405 3694 Golia
425 3641 536 3710 movet,
558 3635 634 3713 rapit
651 3636 761 3712 ingenti
784 3636 931 3696 conamine
955 3654 1064 3714 saxum,

318 3714 385 3788 Quo
406 3717 550 3781 discretus
568 3734 657 3802 ager,
676 3738 843 3803 vacuasque
862 3720 977 3803 inpellit
995 3723 1027 3783 in
1045 3739 1130 3783 ouras
