3134 4434
586 454 788 506 THEBAIDOS
810 455 879 504 LIB.
902 455 951 505 1v.

335 609 506 671 Accumulat
528 610 651 672 crebros
671 611 813 672 turbatrix
834 612 909 673 iarna
931 628 1067 691 pavores.
1123 642 1127 646 ‡
1228 643 1232 651 ›

271 695 325 755 llic
351 696 407 755 iam
429 694 581 775 dispersos
603 714 703 757 errare
725 697 857 777 Asopide
880 698 944 775 ripa

269 779 419 840 Lernaeos
440 781 570 859 equitem
593 780 641 841 hio
662 790 709 859 te,
731 781 874 843 bacchate
894 779 1061 857 Cithaeron,

268 863 325 924 Ille
344 864 406 943 rapi
428 863 612 926 Thoumeson
631 866 685 943 ait,
708 868 862 946 noctisque
881 883 935 946 per
956 864 1073 925 umbras

270 947 387 1009 Nuntiat
408 948 540 1010 excubiis
560 950 667 1028 vigiles
687 951 796 1012 arsisse
818 951 962 1012 Plataeas.

270 1031 344 1092 Nam
364 1032 469 1109 Tyrios
492 1035 614 1095 sudasse
636 1035 735 1114 lares,
759 1044 789 1096 et
810 1036 949 1114 sanguine
968 1032 1078 1095 Dircen
1099 1051 1101 1056 ¹

270 1117 429 1195 inriguam,
450 1118 605 1199 ioetusque
627 1137 737 1198 novos,
758 1122 920 1200 iterumque
942 1119 1068 1180 locutam

271 1203 402 1283 Sphinga
423 1205 532 1282 petris,
556 1206 602 1266 oui
623 1221 682 1264 non
702 1214 732 1265 et
753 1207 830 1266 scire
850 1204 966 1266 licentia
990 1205 1098 1283 passim

269 1286 308 1347 Et
329 1286 439 1348 vidisse
459 1286 533 1349 luit?
571 1288 673 1350 Novus
694 1290 740 1350 his
762 1309 851 1370 super
872 1290 956 1351 anxia
975 1287 1070 1349 turbat

272 1370 369 1431 Corda
391 1382 497 1442 metus;
521 1374 630 1454 sparsis
652 1375 748 1435 suhito
772 1383 908 1454 correpta
929 1373 1062 1435 canistris

272 1457 421 1517 Silvestris
440 1459 541 1536 regina
564 1458 646 1519 chori
669 1458 800 1520 decurrit
823 1461 852 1519 in
873 1476 997 1538 aequum

269 1541 391 1602 Vertice
413 1541 449 1604 ab
472 1542 603 1620 Ogygio,
626 1544 807 1623 trifidamque
830 1544 886 1605 huc
906 1544 996 1604 tristis
1019 1551 1048 1604 et
1069 1543 1141 1605 illuc

269 1627 387 1686 Lumine
409 1630 569 1705 sanguineo
592 1630 688 1708 pinum
707 1628 850 1707 deiectat,
874 1637 903 1689 et
924 1628 1029 1688 ardens

269 1710 406 1772 Erectam
425 1713 553 1772 attonitis
575 1714 666 1793 inplet
688 1713 864 1775 clamoribus
884 1711 999 1773 urbem:
1027 1765 1029 1769 ,

337 1797 544 1876 ‘Omnipotens
564 1797 673 1860 Nisaee
695 1808 796 1878 pater,
821 1799 866 1860 cui
887 1799 983 1876 gentis
1003 1799 1099 1858 avitae

269 1882 383 1942 Pridem
405 1881 505 1960 lapsus
527 1900 624 1961 amor,
647 1893 676 1944 tu
698 1902 774 1944 nunc
791 1884 930 1944 horrente
948 1881 1002 1942 suh
1022 1892 1104 1943 arcto
1192 1931 1194 1935 .

270 1966 382 2026 Bellica
404 1965 515 2027 ierrato
537 1969 655 2047 rapidus
678 1970 773 2048 quatis
795 1967 903 2029 Ismara
921 1967 1022 2043 thyrso

270 2051 513 2130 Pampiucumque
533 2052 617 2112 iubes
637 2071 737 2113 nemus
758 2055 906 2132 inreptare
924 2051 1071 2130 lycurgo,

270 2136 329 2195 Aut
349 2135 485 2195 tumidum
508 2135 628 2215 Gangen
649 2147 698 2198 aut
717 2137 844 2198 claustra
863 2138 1019 2197 novissima
1040 2137 1147 2198 rubrae

271 2219 401 2296 Tethyos
419 2219 556 2300 ansque
578 2222 681 2282 domos
698 2221 840 2299 flagrante
859 2220 1002 2299 triumpho

271 2305 419 2381 Periuris,
443 2314 491 2364 aut
511 2305 610 2366 Hermi
627 2306 664 2367 de
686 2305 815 2367 lontibus
838 2324 943 2366 aureus
965 2307 1039 2365 exis.

271 2390 311 2449 At
332 2399 379 2451 tua
402 2392 577 2469 progenies,
601 2393 705 2471 positis
726 2390 884 2470 gentilibus
906 2392 993 2451 armis

271 2474 353 2547 Quae
376 2475 426 2535 tihi
447 2474 523 2539 iesta
545 2476 624 2555 litat,
646 2475 756 2538 ballum
777 2476 971 2555 lacrimasque
991 2484 1157 2557 metumque

272 2557 492 2640 Cognatumque
513 2562 613 2639 nefas,
637 2563 733 2623 iniusti
749 2579 869 2622 munera
887 2561 982 2638 regni,

270 2643 437 2713 Pendimus;
462 2649 589 2708 aeternis
611 2649 708 2727 potius
729 2665 794 2723 me,
817 2646 950 2722 Bacche,
973 2648 1083 2726 pruinis

271 2729 363 2788 Trans
388 2739 416 2789 et
437 2729 604 2792 Amazoniis
625 2733 761 2793 ululatum
785 2729 939 2792 Caucason
959 2733 1045 2791 annis

271 2814 349 2872 Siste
363 2813 473 2889 iereus,
492 2833 576 2894 quarn
590 2825 719 2876 monstra
734 2816 837 2877 ducum
852 2816 1030 2894 stirpemque
1046 2814 1195 2893 profanam
1217 2824 1269 2878 395

270 2896 410 2975 Eloquar.
455 2896 499 2957 En
521 2917 625 2977 urges;
648 2900 734 2960 aliurn
755 2898 824 2975 tihi,
847 2898 979 2975 Bacche,
999 2899 1127 2958 furorem

270 2980 383 3058 luravi,
408 2982 517 3042 similes
533 2983 624 3043 ‘video
644 3000 821 3044 concurrere
843 2993 959 3051 tauros;

268 3065 351 3125 Idem
373 3065 512 3128 ambobus
536 3066 646 3146 honos,
669 3085 801 3147 unusque
821 3066 858 3128 ab
880 3069 993 3145 origine
1015 3068 1148 3146 sanguim

270 3150 369 3212 Ardua
392 3152 507 3213 collatis
528 3151 628 3212 obnixi
648 3169 756 3214 cornua
773 3152 897 3213 miscent

248 3237 253 3250 '
269 3235 444 3314 Frontibus,
466 3238 636 3317 alternaque
655 3247 754 3299 truces
775 3238 935 3298 moriuntur
951 3237 980 3296 in
1000 3237 1051 3298 ira.
1215 3247 1268 3301 too

271 3320 314 3381 'lu
335 3323 436 3401 peior,
459 3331 489 3382 tu
513 3323 587 3385 cede
611 3340 737 3400 nocens,
762 3323 811 3402 qui
834 3321 915 3382 solus
935 3323 1009 3384 avita

271 3404 403 3467 Gramina
426 3425 663 3488 communemque
685 3408 762 3489 petis
783 3406 944 3468 dsieudere
966 3416 1102 3469 montem.

271 3490 318 3550 Ah
338 3493 437 3552 miseri
457 3492 582 3554 morum!
601 3492 719 3554 hellatis
742 3493 883 3570 sanguine
905 3492 996 3568 tanto,

269 3573 307 3635 Et
331 3576 432 3636 saltum
453 3578 511 3637 dux
533 3578 608 3639 alter
629 3577 740 3639 habet'
779 3579 830 3639 Sic
850 3576 910 3639 iata
931 3576 1038 3656 gelatis

270 3659 406 3720 Vultihus
428 3670 458 3722 et
478 3662 594 3723 Baccho
617 3664 671 3725 iam
691 3663 872 3741 demigrante
896 3663 1013 3742 quievit·
1216 3670 1267 3724 405

334 3745 373 3805 nt
394 3747 525 3827 trepidus
543 3757 672 3811 monstro
691 3757 721 3809 et
739 3749 828 3812 variis
843 3746 1009 3811 terrorihus
1026 3747 1132 3824 inpar,
