3134 4434
600 485 800 535 ununamos
822 487 893 534 me.
914 484 977 533 xu.
1223 470 1285 532 257

284 646 402 704 (linitus
423 676 465 688 —-
489 643 536 704 hic
558 645 642 703 socio
663 643 798 703 desertus
819 642 855 702 ab
878 643 1010 720 agmine,
1032 639 1126 701 tardat

284 730 374 806 Plaga
395 745 517 804 recens,
539 762 582 775 —
602 728 715 787 timidus
734 736 851 787 secreta
872 746 928 806 per
949 728 1012 786 avia
1034 726 1111 786 furto

283 813 391 874 Dehile
414 813 507 891 carpit
528 814 600 888 iter,
618 813 793 891 fractaeque
810 813 937 872 innititur
958 811 1069 871 hastae.

283 898 372 979 Isque
396 897 446 957 uhi
466 906 544 957 mota
559 913 637 957 novo
658 898 767 976 stupuit
787 897 854 958 looa
876 896 941 957 sola
957 895 1080 956 tumultu
1233 902 1285 959 145·

283 983 509 1060 Femineumque
530 999 669 1059 gregem,
690 999 764 1060 quae
785 984 841 1041 iam
858 999 948 1060 super
969 981 1083 1059 agmina
1103 977 1214 1039 Lernae

283 1068 355 1127 Sola
375 1066 471 1140 videt,
494 1101 537 1113 -
554 1083 612 1125 non
630 1066 682 1126 ille
699 1067 775 1126 viam
799 1083 961 1144 causasque
982 1065 1116 1145 requirit,

283 1151 400 1231 Quippe
423 1159 540 1230 patent,
559 1160 674 1210 moesto
697 1151 750 1211 sed
768 1152 811 1211 sic
831 1151 912 1230 prior
934 1158 1059 1229 occupat
1081 1166 1148 1208 ore:

348 1235 433 1310 ‘Quo
453 1237 598 1311 miserae,
622 1252 680 1314 quo
699 1235 783 1295 fertis
803 1232 879 1295 iter?
899 1234 1022 1295 funusne
1045 1235 1206 1314 peremptis

283 1322 416 1400 Speratis
435 1322 622 1400 cineremque
643 1316 736 1380 viris?
758 1329 815 1380 stat
836 1319 963 1399 pervigil
984 1319 1045 1379 illio
1230 1328 1282 1383 150

283 1405 453 1466 Umbrarum
476 1414 575 1464 custos
595 1405 797 1483 inhumataque
815 1421 940 1483 corpora
959 1405 1024 1482 regi

282 1491 475 1558 Annumerat;
496 1507 634 1568 nusquam
656 1489 810 1565 lacrimae,
833 1488 937 1568 procul
959 1508 1053 1568 usque
1069 1487 1161 1566 fugati

283 1574 433 1635 Accessus
455 1574 614 1644 hominum;
638 1574 710 1634 solis
732 1574 893 1652 avibusque
913 1574 1043 1652 ferisque

283 1659 330 1720 lre
353 1660 436 1727 licet;
457 1661 601 1719 vestrisne
621 1657 718 1718 Creon
740 1658 818 1719 dabit
836 1677 946 1737 aequus
969 1659 1110 1720 honorem

283 1740 441 1804 Luctibus?
464 1743 1150 1888 inmiQ
1232 1753 1283 1808 155

283 1828 399 1904 Odrysii
421 1847 458 1889 ue
477 1828 583 1889 famem
605 1828 709 1889 stabuli
734 1829 909 1908 Siculosque
931 1828 987 1888 lice
1011 1837 1032 1888 rt

283 1908 416 1974 Exorare
438 1894 791 1992 deoffsrapffl'itasse
815 1922 982 1993 precantes,

284 1999 315 2057 Si
335 2015 417 2059 meus
439 2007 508 2058 nota
528 1998 613 2073 mihi,
636 2015 692 2057 nec
714 1998 878 2075 coniugalia
901 2016 988 2076 supra

281 2082 416 2158 Funera,
436 2083 489 2142 sed
511 2083 587 2142 caris
609 2083 697 2159 longe
718 2082 855 2143 mactabit
874 2082 911 2143 ah
932 2081 1049 2141 umbris.

283 2166 360 2240 Quin
380 2167 498 2243 lugitis,
520 2167 585 2226 dunr
606 2175 666 2227 tuta
687 2168 734 2226 via
756 2175 817 2242 est,
839 2164 1019 2245 Lernamque
1041 2183 1181 2226 reversae
1231 2175 1284 2230 150

282 2251 421 2326 Nomina,
445 2250 523 2330 quod
545 2261 698 2329 superest,
719 2251 820 2310 vacuis
843 2250 916 2311 datis
935 2250 1006 2310 orba
1026 2250 1170 2328 sepulcris

280 2335 488 2414 Absentesque
509 2337 616 2396 animas
638 2335 674 2396 ad
694 2337 789 2396 inania
808 2335 893 2396 busta
914 2331 1049 2395 vocatis?

282 2421 342 2480 Aut
362 2438 416 2480 vos
436 2418 610 2498 Cecropiam
628 2437 783 2499 —prope
803 2437 926 2498 namque
949 2428 979 2480 et
1003 2418 1119 2480 Thesea
1139 2419 1214 2482 loma
1236 2429 1283 2481 est

231 2555 233 2564 Α
282 2503 546 2566 Thermodontiaco
568 2505 675 2565 laetum
691 2523 825 2565 remeare
848 2505 991 2585 triumpho
1013 2539 1054 2550 -

231 2569 233 2595 ¹
281 2589 437 2670 lnploratis
459 2587 566 2669 opem?
588 2589 668 2651 bello
691 2589 842 2668 cogendus
863 2599 893 2650 et
914 2592 1001 2651 armis
1229 2601 1281 2656 155

281 2674 314 2734 ln
335 2692 432 2735 mores
450 2675 653 2754 hominemque
676 2673 797 2736 Creon?
839 2675 888 2735 Sic
908 2675 1000 2750 fatus,
1025 2684 1053 2734 at
1070 2675 1127 2736 illis

280 2759 459 2820 Horruerant
480 2760 633 2835 lacrimae,
657 2763 822 2839 stupuitque
844 2761 964 2820 inmanis
984 2760 1071 2819 eundi
1156 2797 1158 2801 .

236 2868 238 2873 ·
282 2842 417 2922 lnpetus,
440 2853 526 2922 atque
545 2861 603 2902 uno
625 2843 721 2903 vultus
741 2844 857 2922 pallore
881 2845 981 2921 gelati.

282 2927 348 2989 Non
369 2945 455 2988 secus
479 2927 588 2987 afflavit
607 2927 712 2988 molles
736 2928 893 3006 siquando
915 2929 1052 2990 iuvencas

282 3011 407 3090 Tigridis
424 3011 577 3087 Hyrcanae
595 3013 719 3072 ieiunum
735 3030 875 3089 murmur,
899 3014 1013 3092 etipse
1109 3016 1112 3021 ’
1231 3024 1282 3079 170

280 3096 388 3157 Auditn
407 3096 537 3157 turbatur
555 3115 642 3173 ager,
665 3100 750 3157 timor
770 3098 903 3158 omnibus
920 3101 1034 3175 iugens,

282 3182 365 3254 Quae
384 3183 516 3261 placeat,
534 3198 609 3260 quos
632 3182 682 3242 illa
702 3183 795 3242 iames
817 3183 978 3243 descendat
998 3185 1026 3243 iu
1047 3201 1152 3246 armos.

283 3264 426 3326 Continuo
446 3267 559 3328 discors
580 3267 662 3327 vario
682 3268 824 3327 sententia
841 3278 919 3328 motu

282 3351 441 3420 Scinditur;
464 3352 509 3412 his
529 3350 645 3412 Thebas
667 3353 862 3430 tumidumque
884 3353 994 3413 ambire
1018 3351 1154 3434 Creonta,

280 3434 333 3495 His
355 3436 455 3514 placet
471 3436 602 3497 Actaeae
622 3437 647 3496 si
668 3437 737 3516 quid
755 3437 908 3497 clementia
927 3440 1023 3516 gentis
1230 3449 1281 3505 175

279 3521 411 3590 Annuat3
433 3531 592 3581 emensum
613 3539 759 3597 curarum,
781 3540 817 3582 ac
838 3531 923 3600 turpe
942 3525 1060 3584 reverti.

280 3604 335 3664 llio
355 3622 413 3664 non
430 3605 573 3666 femineae
593 3606 716 3666 subitum
738 3607 852 3666 virtutis
873 3606 1015 3668 honorem

282 3687 403 3768 Colligit
424 3690 532 3767 Argia,
554 3709 685 3770 sexuque
703 3694 816 3752 inmane
838 3691 942 3753 relicto

231 3756 236 3808 ²
281 3773 398 3835 Tractat
419 3793 508 3854 opus;
525 3774 624 3856 placet
645 3779 762 3858 egregii
782 3794 857 3861 spes
880 3777 959 3841 hura
974 3776 1093 3858 neuneu

318 3878 457 3924 suerrus
475 3881 512 3923 Η.
1117 3854 1163 3910 Ἢ
