3134 4434
603 492 804 544 passuros
826 492 897 542 mn.
918 492 953 541 x.
1222 480 1284 543 229

281 652 340 712 Aut
358 668 432 729 quos
453 647 564 727 ingenti
582 658 696 729 premat
717 646 874 731 expectata
895 644 1019 730 rapina?

346 736 490 797 Hactenus
511 752 600 812 arma,
623 735 710 796 tubas
731 736 898 815 ferrumque
921 745 951 796 et
972 734 1109 806 vnlnera;
1134 734 1187 797 sed
1207 754 1283 796 nnnc

282 819 419 881 Cominus
444 821 605 898 astrigeros
623 817 778 900 Capaneus
799 820 947 882 tollendus
970 821 999 879 in
1021 838 1103 881 axes.

280 905 347 967 Non
369 905 437 966 mihi
459 906 514 966 iam
533 903 621 964 solito
642 915 739 966 vatum
761 906 798 967 de
820 922 903 966 more
921 901 1092 982 canendum,

280 990 375 1052 Maior
395 989 432 1051 ab
452 988 555 1049 Aoniis
570 990 716 1052 sumenda
737 989 857 1052 audacia
881 990 966 1052 lucis.
1231 999 1286 1054 830

281 1075 396 1142 Mecum
418 1092 518 1135 omnes
541 1074 646 1135 audete
667 1075 759 1153 deae,
781 1076 845 1136 sivo
867 1076 916 1136 ille
938 1074 1081 1154 profunda

280 1160 389 1221 llissus
410 1169 497 1219 nocte
518 1159 615 1235 furor,
635 1156 832 1239 Capaneaque
853 1161 936 1238 signa
958 1167 1078 1220 secutae

281 1245 371 1305 Arma
392 1243 492 1304 lovem
514 1252 615 1305 contra
636 1244 756 1322 Stygiae
778 1262 904 1324 rapuere
926 1261 1058 1319 sorores,

283 1331 343 1390 Seu
366 1329 457 1389 virtus
479 1347 600 1407 egressa
619 1328 751 1406 modum,
773 1346 827 1389 seu
848 1329 943 1408 gloria
964 1328 1123 1409 praeceps,

283 1415 343 1474 Seu
362 1431 485 1492 magnae
506 1413 571 1473 data
592 1414 668 1474 lama
688 1413 772 1492 neci,
794 1432 846 1473 seu
867 1414 945 1474 laeta
963 1414 1104 1473 malorum

282 1498 427 1578 Principia
447 1506 476 1558 et
495 1497 620 1558 blandae
642 1515 779 1577 superum
799 1498 969 1559 mortalibus
992 1500 1063 1558 irae.

345 1582 406 1644 lam
427 1582 545 1643 sordent
566 1592 682 1644 terrena
703 1583 767 1644 viro
790 1584 947 1663 taedetque
967 1583 1129 1663 profundae

284 1667 407 1744 Caedis,
430 1676 460 1728 et
482 1667 629 1728 exhaustis
651 1667 719 1728 olim
741 1665 915 1748 Graiumque
938 1669 1057 1747 suisque

282 1752 441 1812 Missilibus
463 1752 541 1813 lassa
563 1753 696 1832 respexit
715 1753 744 1813 in
764 1750 884 1814 aethera
903 1752 1015 1814 dextra.

282 1837 382 1898 Ardua
403 1855 471 1898 mox
492 1847 576 1898 torvo
599 1840 714 1898 metitur
735 1837 860 1900 culmina
878 1839 954 1916 visu,

282 1922 510 2001 Innumerosque
532 1923 640 2000 gradm
659 1923 773 2001 gemina
797 1922 871 1983 latus
893 1923 1001 1984 arbore
1022 1922 1120 1983 clusus

282 2007 402 2067 Aerium
423 2007 478 2066 sibi
500 2017 597 2086 portat
619 2008 693 2083 iter,
713 2007 862 2086 longeque
883 2009 1027 2068 timendus

281 2090 449 2152 Multifidam
469 2108 606 2170 quercum
627 2090 760 2168 flagranti
780 2091 887 2152 lumine
908 2092 1012 2152 vibrat.

281 2175 371 2235 Arma
391 2175 495 2236 rubent
513 2193 568 2235 una
591 2175 748 2255 clipeoque
769 2175 931 2236 incenditur
950 2177 1035 2254 ignis.

284 2259 375 2334 ‘Hac,
394 2263 449 2336 ait,
473 2261 501 2318 in
520 2259 654 2336 Thebas,
676 2259 733 2322 hac
753 2278 800 2320 me
821 2260 901 2321 iubet
923 2262 1012 2322 ardua
1034 2262 1126 2321 virtus
1229 2266 1282 2321 845

283 2344 346 2421 Ire,
367 2343 532 2405 Menoeceo
551 2363 607 2424 qua
630 2343 741 2406 lubrica
763 2347 903 2423 sanguine
924 2347 1021 2406 turris.

282 2428 442 2509 Experiar,
467 2429 534 2509 quid
554 2447 638 2490 sacra
660 2431 774 2508 iuvent,
797 2449 834 2490 an
855 2431 946 2492 lalsus
964 2431 1097 2509 Apollo'

346 2513 442 2591 Dixit,
462 2523 491 2575 et
512 2515 625 2575 alterno
648 2515 762 2594 captiva
783 2514 812 2574 in
832 2517 947 2577 moenia
969 2534 1074 2594 gressu

283 2600 383 2677 Surgit
403 2615 512 2676 ovans,
535 2599 638 2679 quales
655 2600 759 2660 mediis
779 2599 808 2660 in
828 2600 950 2662 nubibus
973 2601 1075 2662 aether

281 2683 362 2744 Vidit
383 2683 521 2759 Aloidas,
542 2703 627 2763 quum
651 2694 803 2746 cresceret
822 2687 899 2764 inpia
918 2685 1007 2746 tellus

282 2767 467 2846 Despectura
486 2768 574 2846 deos,
596 2787 653 2829 nec
674 2769 768 2830 adhuc
790 2771 902 2830 inmane
923 2771 1037 2831 veniret

283 2852 386 2913 Pelion
409 2861 439 2912 et
457 2852 600 2930 trepidum
620 2855 676 2914 iam
697 2862 832 2930 tangeret
856 2852 931 2914 Ossa
948 2854 1118 2914 Tonantem.

346 2936 418 2996 Tum
435 2953 508 2996 vero
530 2937 641 2997 attoniti
659 2937 783 2998 latorum
804 2939 832 2998 in
855 2938 971 2998 cardine
994 2954 1115 3014 summo,

286 3019 348 3082 Gen
371 3038 505 3100 suprema
528 3021 591 3080 lues
608 3021 709 3082 urbem
728 3021 900 3102 facibusque
919 3025 1045 3083 cruentis

284 3106 453 3185 Aequatura
472 3105 538 3165 solo
558 3116 651 3166 turres
669 3106 791 3167 Bellona
812 3108 934 3183 subiret,

286 3190 423 3251 Omnibus
446 3208 463 3250 e
484 3191 570 3250 tectis
592 3193 722 3251 certatim
743 3193 870 3270 ingentia
889 3209 959 3252 saxa

284 3274 463 3355 Roboraque
483 3284 513 3336 et
531 3277 666 3354 gravidas
687 3276 793 3337 fundae
815 3276 943 3338 balearis
961 3275 1106 3353 habenas,
1126 3312 1168 3326 ψ

284 3359 357 3421 Nam
378 3361 480 3420 iaculis
505 3360 651 3440 coeloque
667 3363 752 3439 vagis
771 3379 843 3441 spes
860 3362 937 3422 unde
959 3358 1093 3439 sagittis?
1115 3395 1156 3410 «q

285 3445 394 3505 Verum
416 3445 492 3506 svidi
515 3455 545 3506 et
565 3455 708 3506 tormenta
729 3455 826 3506 rotant
846 3455 876 3506 et
893 3445 1018 3506 molibus
1040 3456 1153 3524 urgent.

285 3529 340 3590 llle
360 3548 416 3589 nec
437 3531 558 3608 ingestis
579 3549 636 3592 nec
653 3539 739 3608 terga
760 3530 948 3609 sequentibus
970 3549 1103 3610 umquam

284 3614 452 3676 Detrahitur
474 3615 557 3692 telis,
579 3632 733 3695 vacuoque
755 3614 809 3675 snb
832 3634 901 3677 acre
924 3615 1056 3694 pendens

283 3699 372 3761 Plana
393 3699 473 3760 velut
488 3709 566 3762 terra
579 3710 686 3761 ‚certus
702 3702 827 3779 vestigia
849 3701 930 3778 ligat,

284 3783 389 3847 l'endit
407 3794 436 3846 et
457 3785 566 3864 ingenti
583 3784 661 3848 subit
679 3795 863 3848 occurrente
876 3787 978 3847 ruuiua.
