3134 4434
582 473 781 524 rnnsamos
804 474 884 523 ssa..
898 474 972 529 vrrs,
1216 465 1273 524 lli

284 631 382 691 lnvida
401 629 560 693 Parrhasiis
580 649 666 692 unum
686 629 712 691 si
734 628 979 705 detrabat-astris,
1134 680 1136 685 .
1224 637 1277 695 370

286 715 415 776 Truncus
434 717 528 777 honor
547 715 686 796 plaustri,
708 733 764 777 aec
783 714 860 775 idern·
879 716 951 775 nitet
971 716 1040 793 igne
1059 715 1157 777 reciso

284 801 374 876 Axis,
397 809 427 860 et
447 803 549 862 incerti
569 808 719 861 numerant
736 818 789 860 sua
809 799 905 860 sidera
925 809 1058 862 nautae*

347 884 406 945 Sed
428 887 482 946 ianr
503 886 582 947 bella
603 893 726 946 vocant:
747 885 821 946 alias
841 901 916 944 nova
938 902 1066 963 suggere
1086 885 1164 946 sires

285 968 436 1048 Calliope,
458 971 607 1050 maiorque
629 970 735 1045 chelyn
757 969 834 1029 nsibl·
847 969 946 1030 tendat
964 968 1085 1050 Apollo.
1185 1020 1188 1025 .

282 1053 413 1115 Fatalem
433 1056 549 1135 populis
569 1056 644 1116 ultro
665 1053 854 1134 poscentibus
875 1054 976 1115 boram
1224 1060 1275 1119 375

282 1138 428 1199 Admovet
447 1150 507 1200 atra
525 1139 804 1218 dics,²·Stygiisqne·
817 1140 923 1199 emissa
943 1139 1073 1200 tenebris

283 1223 363 1282 llors
381 1223 485 1284 fruitur
505 1225 592 1286 coelo
615 1223 847 1302 bellatoremque
864 1222 990 1284 volando
1028 1264 1032 1269 -

283 1307 421 1387 Campum
443 1310 553 1388 operit,
577 1309 721 1386 nigroque
740 1309 822 1368 viros
844 1308 944 1369 inritat
963 1308 1051 1384 biatu,

283 1390 331 1452 Nil
353 1393 473 1470 vulgare
495 1393 615 1472 legens,
636 1392 690 1453 sed
710 1409 786 1473 qnae
805 1391 972 1470 dignissima
991 1392 1062 1455 vita.

282 1475 412 1554 Funera,
436 1480 612 1557 praecipuos
633 1478 714 1538 annis
734 1477 894 1555 animisque
916 1485 1049 1538 cruento·
1119 1483 1121 1487 ‘
1225 1482 1278 1538 380

282 1560 386 1639 Ungue
408 1571 501 1630 notata
522 1564 635 1641 iamque
659 1563 688 1623 in
708 1563 832 1621 miseros
855 1579 976 1641 pensam
996 1578 1082 1622 omne
1103 1574 1235 1620 sororum

282 1647 445 1723 Scinditur,
469 1657 499 1708 et
520 1646 624 1707 Furiae
645 1654 804 1726 rapuerunt
824 1646 891 1707 licia
911 1645 1020 1709 Parcis.

248 1758 251 1762 >
283 1731 347 1791 Stat
369 1731 478 1792 medius
502 1733 611 1811 campis
634 1732 786 1791 etiamnum
811 1731 932 1810 cuspide
951 1733 1031 1793 sicca
1067 1782 1070 1787 .

282 1815 480 1895 Bellipotens,
499 1818 613 1896 iamque
632 1815 688 1876 bos
711 1816 853 1896 clipeum,
872 1817 928 1876 ianr
949 1817 1036 1877 uertit
1056 1814 1092 1876 ad
1110 1812 1181 1875 illus

283 1901 371 1960 Arma
393 1901 487 1978 ciens,
513 1901 671 1980 aboletque
694 1901 814 1977 domos,
837 1900 976 1979 conubia,
998 1910 1092 1962 natos.
1225 1906 1277 1962 386

281 1984 403 2045 Pellitur
424 1995 454 2045 et
475 1987 587 2065 patriae
609 1995 638 2046 et
660 1987 709 2064 qui
729 1994 826 2046 mente
847 1987 1020 2046 novbsimus
1042 1985 1113 2061 exit,

282 2068 368 2129 Lucis
392 2088 486 2139 amor;
509 2079 589 2131 tenet
610 2069 639 2129 in
660 2069 788 2148 capulis,
813 2070 962 2148 bustisque
983 2078 1099 2150 paratas

281 2152 327 2214 lra
348 2173 464 2231 manus,
484 2157 652 2233 animusque
675 2155 748 2215 ultra
770 2154 906 2214 thoracas
928 2153 1049 2214 anbelus

283 2238 426 2314 conatur,
448 2239 612 2318 galeaeque
633 2247 757 2299 tremunt
774 2238 899 2299 horrore
920 2253 1077 2299 comarrun.

345 2323 421 2397 Quid
443 2325 543 2383 mirum
563 2323 691 2384 caluisse
712 2319 815 2383 virosi
832 2322 1010 2384 flammantur
1028 2324 1056 2383 in
1077 2323 1190 2384 bostem
1226 2330 1278 2386 390

284 2407 482 2487 Cornipedes,
504 2410 649 2487 niveoque
672 2408 766 2486 rigant
787 2407 851 2469 sola
875 2409 968 2487 putria
987 2407 1095 2485 nimbo,

285 2492 417 2572 Corpora
437 2512 489 2554 ceu
512 2494 593 2553 mixti
611 2493 732 2554 dominis
753 2494 871 2573 irasque
889 2494 1040 2554 sedentum

282 2578 443 2639 induerint:
466 2578 509 2639 sic
527 2578 610 2639 frena
629 2587 740 2655 terunt,
761 2581 805 2639 sic
824 2578 937 2659 proelis
953 2588 1078 2659 poscunt

282 2663 397 2723 Hinnitu
418 2663 579 2742 tolluntque
597 2681 692 2726 armos
717 2665 901 2743 equitemque
922 2665 1065 2743 supinant.

347 2747 464 2827 lamque
481 2758 582 2825 ruunt,
605 2750 773 2827 primusque
793 2749 885 2808 ubam
906 2765 1082 2809 concurrere
1102 2746 1198 2827 puluis
1219 2752 1277 2810 005

282 2832 403 2909 Incipit,
428 2841 457 2891 et
476 2833 577 2910 spatiis
599 2835 738 2910 utrimque
759 2831 930 2911 aequalibus
952 2833 1009 2893 acti

282 2915 447 2975 Adventant
464 2915 644 2996 mediumque
664 2915 763 2976 vident
782 2916 960 2976 decrescere
982 2917 1123 2993 campum.

282 3000 342 3061 lana
365 2999 476 3077 clipeus
499 2997 620 3077 clipeis,
645 2999 768 3060 umbone
789 2999 943 3079 repellitur
962 2997 1061 3073 umbo,
1155 3042 1157 3047 -

282 3085 362 3145 Ense
383 3085 478 3143 minax
499 3086 592 3164 ensis,
615 3083 692 3163 pede
713 3102 769 3164 pes
792 3093 821 3146 et
843 3084 964 3163 cuspide
987 3083 1095 3163 cuspis.

284 3170 334 3230 Sic
357 3168 462 3229 obnixa
483 3169 564 3229 acies
584 3171 694 3249 pariter
714 3170 839 3249 suspiria
860 3169 979 3246 fumant,
1074 3202 1126 3213 ··
1225 3176 1278 3231 400

282 3254 483 3332 Admotaeqne
504 3255 595 3315 nitent
615 3254 712 3315 aliena
732 3255 761 3313 in
780 3254 895 3315 casside
917 3254 1034 3315 cristae.

282 3338 407 3399 Pulcher
425 3338 519 3400 adbuc
537 3338 609 3399 belli
630 3339 743 3400 vultus:
765 3348 842 3401 stant
858 3339 971 3400 vertice
993 3338 1070 3413 coni,
1176 3378 1179 3389 ·
1251 3354 1254 3361 ‘

282 3422 371 3483 Plena
392 3433 520 3485 armenta
539 3425 628 3501 siris,
651 3424 722 3484 nulli
740 3425 806 3485 sine
824 3423 961 3504 praeside
982 3440 1094 3499 currus,

281 3506 369 3567 Arma
388 3508 475 3584 loco,
498 3508 652 3588 splendent
672 3507 760 3587 clipei
778 3509 993 3588 pharetraeque
1010 3507 1149 3582 decorae,
1230 3552 1233 3557 -

282 3591 462 3670 cingulaque
483 3603 513 3654 et
531 3594 657 3655 nondum
676 3593 808 3655 deleme
827 3593 980 3654 cruoribus
1001 3610 1109 3653 aurum.
1223 3598 1275 3653 405

343 3677 383 3738 At
404 3687 557 3756 postquam
578 3678 676 3740 rabies
699 3687 730 3739 et
749 3680 826 3740 vitae
848 3677 974 3759 prodiga
992 3678 1086 3738 uirtus
1209 3732 1213 3737 .
1249 3690 1254 3705 ¹

280 3761 411 3823 Emisere
431 3764 559 3842 animus,
581 3781 639 3843 non
658 3773 740 3828 tanta
762 3763 941 3839 cadentibus
953 3761 1080 3824 boetis.
