3134 4434
594 465 794 515 5555555555
816 466 888 514 crs.
904 465 966 512 555.
1218 449 1279 512 265

282 625 345 685 1155
365 641 467 699 soror,
487 631 535 683 aut
557 640 663 682 saevos
680 624 794 683 mediae
810 624 961 682 veniemus
981 622 1008 680 iu
1030 622 1136 697 ignes!

345 709 402 768 Vix
423 727 474 783 ea,
495 713 580 786 quum
602 707 713 767 subitus
735 725 854 786 campos
874 717 984 767 tremor
1006 706 1122 784 altaque
1144 716 1222 767 tecta

282 794 402 873 Inpulit,
426 794 591 871 adiuvitque
610 794 675 868 rogi
694 792 839 854 discordis
856 793 949 852 hiatus

282 879 320 939 Et
340 879 459 956 vigilum
479 877 592 938 turbata
611 879 710 955 quies,
734 876 838 956 quibus
861 879 925 955 ipse
946 875 1085 936 malorum

281 963 424 1041 Fingebat
441 962 593 1022 simulacra
616 979 722 1039 sopor:
745 963 802 1021 ruit
823 962 919 1038 ilicet,
943 978 1055 1020 omnem
1227 971 1280 1025 450

281 1049 471 1126 Prospectum
494 1047 619 1107 lustrans
641 1055 747 1106 armata
767 1047 902 1124 indagine
924 1045 1018 1105 miles.

281 1133 354 1194 lllos
376 1134 514 1193 instantes
537 1132 635 1190 senior
656 1133 737 1190 timet
756 1150 843 1199 unus;
867 1141 896 1192 at
916 1133 999 1209 ipsae

280 1218 358 1277 Ante
379 1234 499 1295 rogum,
522 1217 660 1294 saevique
678 1216 773 1294 palam
797 1218 947 1295 sprevisse
971 1214 1106 1276 Creontis

281 1301 405 1382 Imperia
425 1311 454 1362 55
475 1302 580 1361 lurtum
602 1301 682 1361 claro
705 1300 848 1378 plangore
870 1301 994 1361 latentur

283 1389 431 1462 Securae,
452 1387 561 1465 quippe
582 1402 667 1444 omne
686 1385 785 1447 vident
804 1385 923 1445 lluxisse
946 1384 1081 1445 cadaver.
1228 1395 1280 1447 455

282 1471 446 1549 Ambigitur
465 1488 555 1531 saeva
577 1468 613 1530 de
635 1479 745 1546 morte,
768 1471 955 1548 animosaque
978 1469 1029 1530 leti

283 1558 360 1634 Spes
382 1555 465 1621 15515;
487 1555 561 1614 baec
582 1555 680 1614 fratris
703 1557 855 1633 rapuisse,
875 1555 948 1615 haec
972 1556 1104 1632 coniugis
1127 1564 1205 1614 artus

283 1639 466 1701 Contendunt
488 1639 659 1717 vicibusque
681 1638 815 1718 probant.
846 1639 929 1717 ‘Ego
954 1656 1079 1718 corpus,
1103 1655 1160 1716 ego
1175 1641 1278 1716 ignes,

282 1725 329 1785 Me
352 1727 461 1804 pietas,
481 1742 527 1783 me
551 1725 631 1784 duxit
650 1740 746 1790 amor:
770 1725 936 1803 deposcere
957 1743 1046 1784 saeva

282 1810 432 1889 Supplicia
455 1819 484 1869 et
505 1809 623 1869 dextras
645 1811 722 1870 iurat
739 1810 883 1869 insertare
903 1812 1022 1870 catenis.
1229 1819 1282 1873 460

281 1894 428 1974 Nusquam
447 1894 497 1955 illa
520 1895 638 1954 alternis
659 1895 746 1955 modo
768 1913 843 1974 quae
864 1897 1029 1954 reverentia
1050 1895 1159 1971 verbis,

282 1978 357 2040 lram
380 1980 533 2057 odiumque
556 1990 654 2059 putes;
674 1988 769 2039 tantus
791 1979 938 2040 discordat
959 1981 1101 2057 utrimque

283 2061 410 2141 Clamor,
433 2072 461 2123 et
483 2064 518 2124 ad
539 2082 657 2140 regem,
680 2065 728 2142 qui
750 2064 944 2142 deprendere,
968 2064 1125 2123 trabuntur.

345 2147 385 2207 At
406 2148 510 2226 procul
531 2148 651 2208 Actaeis
672 2149 774 2208 dextra
793 2149 848 2208 iam
867 2148 987 2226 Pallade
1007 2149 1095 2208 muris
1174 2160 1177 2167 '
1212 2213 1215 2218 ,

281 2232 353 2294 1555
376 2232 544 2293 Phoroneas
567 2233 675 2292 inducit
695 2233 815 2312 praevia
835 2241 942 2293 matres
1229 2243 1280 2298 465

282 2318 445 2393 Attonitas,
465 2336 523 2377 non
542 2320 606 2397 ipsa
628 2318 738 2389 minus,
763 2327 935 2395 coetumque
954 2328 1118 2396 gementem
1209 2317 1211 2321 ⁴

284 2401 428 2463 Conciliat
450 2402 567 2482 populis
591 2411 620 2462 et
641 2402 778 2462 flentibus
802 2402 880 2462 addit
901 2402 1051 2463 honorem.

281 2486 350 2563 1555
371 2506 455 2548 manu
476 2505 632 2566 ramosque
653 2487 755 2562 oleae,
773 2488 920 2566 vittasque
939 2497 1095 2566 precantes

283 2572 397 2646 Tradit,
422 2581 450 2632 et
472 2572 590 2632 obtenta
613 2572 782 2632 submittere
805 2572 910 2632 lumina
932 2573 1008 2652 palla

281 2655 320 2717 Et
340 2657 491 2734 praeferre
513 2657 600 2718 docet
622 2675 729 2718 vacuas
751 2658 815 2717 siue
836 2657 967 2718 manibus
987 2676 1084 2718 urnas.
1110 2711 1113 2715 .
1230 2667 1282 2722 470

284 2740 381 2801 Omnis
404 2751 433 2802 et
453 2742 574 2803 Actaeis
596 2743 688 2802 ellusa
710 2742 864 2821 penatibus
884 2751 965 2803 aetas

284 2826 373 2885 Tecta
395 2828 516 2905 viasque
534 2827 664 2904 replent:
688 2827 762 2886 unde
782 2826 840 2886 hoc
862 2824 1004 2887 examen?
1024 2837 1053 2888 55
1073 2847 1128 2888 555

283 2910 339 2971 Tot
360 2907 505 2969 miserae?
528 2911 651 2970 necdum
674 2929 777 2970 causas
796 2927 907 2971 novere
923 2911 1077 2987 malorum,

281 2993 399 3072 lamque
420 3004 546 3071 gemunt.
589 2994 652 3055 Dea
676 2995 808 3055 conciliis
829 2990 982 3056 se‘miscet
1003 2999 1132 3076 utrisque

285 3077 396 3139 Cuncta
419 3079 546 3154 docens,
568 3098 623 3158 qua
645 3090 735 3158 geute
751 3089 843 3156 satae,
863 3099 938 3160 quae
952 3081 1056 3143 155555
1070 3083 1208 3160 plangant
1229 3089 1280 3145 475

285 3162 397 3238 Quidve
421 3173 533 3242 petaut;
557 3165 645 3224 variis
664 3182 796 3224 necnon
816 3165 950 3225 affatibus
972 3168 1055 3246 ipsae

283 3247 414 3326 Ogygias
437 3248 522 3326 leges
542 3250 808 3328 inmansuetumque
831 3249 957 3310 Creonta

281 3333 400 3393 Multum
423 3343 453 3394 et
474 3334 582 3412 ubique
601 3334 735 3394 fremunt.
780 3332 900 3395 Geticae
922 3353 979 3395 non
1001 3336 1084 3415 plura
1104 3347 1260 3417 queruntur

281 3417 451 3495 Hospitibus
473 3420 558 3478 tectis
578 3428 680 3479 trunco
702 3436 838 3480 sermone
857 3420 1005 3495 volucres,

283 3502 375 3576 Quum
399 3502 530 3581 duplices
550 3503 692 3564 thalamos
714 3513 744 3564 ct
764 3504 891 3583 iniquum
913 3504 1008 3566 Terea
1031 3505 1163 3566 clamant.
1228 3513 1280 3568 480

341 3586 421 3646 Urbe
444 3588 495 3648 luit
515 3589 610 3649 media
631 3589 701 3648 nulli
721 3605 865 3651 concessa
886 3598 1035 3668 potentum

280 3672 340 3731 Ara
363 3671 464 3746 deum,
486 3675 561 3733 mitis
579 3675 675 3752 posuit
698 3672 860 3735 Clementia
878 3674 990 3750 sedem,

280 3754 319 3815 Et
339 3756 437 3816 miseri
459 3757 560 3818 fecere
579 3777 708 3828 sacram;
733 3760 799 3820 siue
817 3759 961 3840 supplice
975 3773 1145 3831 numquam
