3134 4434
569 471 770 521 THEBMDOS
791 472 861 520 LIB-
882 472 945 520 vn.

266 630 385 708 Spicula
407 629 608 702 semianimes,
630 629 799 707 gemituque
820 627 947 689 imitante
967 627 1104 707 querelas

266 716 370 774 Saucia
387 714 502 774 dilectis
521 713 665 774 aeclinant
686 722 809 792 pectora
831 713 931 773 muris.

329 798 448 877 Templa
471 808 556 877 putes
575 797 734 876 urbemque
752 799 816 876 rapi
837 796 1007 876 facibusque
1029 797 1160 858 nefandis

265 883 401 943 Sidonios
423 883 527 944 ardere
546 882 641 954 lares,
665 884 709 942 sic
731 883 842 943 clamor
858 882 968 960 apertis
1208 891 1261 947 ooo

263 967 401 1027 Exoritur
419 969 523 1035 muris;
547 967 665 1027 mallent
683 967 825 1027 cunabula
847 967 955 1044 magni·
1099 1028 1103 1036 ,

263 1051 398 1112 Herculis
419 1061 467 1111 aut
485 1052 618 1112 Semeles
639 1051 795 1112 thalamum
817 1059 866 1111 aut
886 1049 1039 1130 penetrale
1059 1050 1154 1110 ruisse

263 1135 445 1196 Harmomies.
492 1135 594 1197 Cultor
614 1136 783 1198 Bacchaeus
795 1135 939 1197 Acontea
960 1135 1096 1212 Phegeus

263 1220 322 1280 Iam
344 1239 465 1281 vacuum
487 1222 554 1281 telis
575 1223 751 1300 geminoque
772 1222 801 1280 in
823 1221 962 1297 sanguine
984 1228 1120 1280 ovantem

264 1305 401 1366 Cominus
424 1324 494 1366 ense
515 1308 603 1384 petit3
624 1305 748 1367 subeunt
769 1305 907 1382 Tegeaca
927 1307 1060 1365 iuventus
1208 1313 1259 1367 605

263 1390 383 1450 Auxilio
405 1391 493 1457 tardi;
513 1393 569 1450 iam
587 1408 675 1469 supra
699 1407 782 1450 sacru
802 1390 930 1450 ferarum

269 1475 403 1552 Corpora
424 1476 565 1535 moerenti
587 1476 699 1535 iuvenis
720 1475 797 1534 iacet
817 1473 888 1534 ultio
911 1472 1038 1535 Baccho.

328 1558 477 1637 Rumpitur
498 1569 528 1619 et
550 1559 665 1620 Graium
688 1558 783 1620 subito
806 1577 861 1637 per
883 1567 977 1618 castra
998 1556 1119 1619 tumultu

264 1643 437 1716 Consilium;
459 1644 532 1721 fugit
551 1653 690 1705 externos
711 1642 828 1705 locusta
847 1661 902 1722 per
923 1642 1025 1703 hostes

262 1729 320 1788 lam
342 1745 400 1787 non
419 1747 489 1788 ausa
510 1748 634 1808 preces;
658 1738 739 1789 natas
760 1731 911 1807 ipsamque
929 1728 1077 1806 repellunt
1209 1734 1261 1789 610

263 1813 318 1886 Qui
340 1814 426 1874 modo
445 1822 501 1873 tam
519 1816 622 1890 mites,
645 1822 675 1874 et
695 1825 842 1892 praeceps
861 1822 996 1891 tempore
1015 1812 1133 1888 'l'ydeus

262 1897 366 1958 Utitur.
411 1897 474 1958 ‘lte
496 1917 569 1975 age,
593 1918 668 1958 nunc
691 1917 795 1977 pacem
818 1907 936 1976 sperate
959 1896 1119 1977 iidemque,

262 1982 346 2042 Nunc
366 1982 468 2043 saltem
492 1984 610 2043 differre
631 1983 732 2059 melas,
756 1985 887 2062 potuitne
909 1982 1032 2058 morari,

262 2067 336 2126 Dum
359 2068 492 2144 genetrix
512 2068 629 2128 dimissa
646 2064 761 2127 redit‘l’
787 2067 837 2127 Sic
857 2067 933 2126 fatus
951 2075 1055 2144 aperto

263 2151 342 2211 Ense
364 2160 453 2211 vocat
473 2153 587 2218 socios:
611 2170 718 2212 saevus
739 2153 795 2211 iam
816 2151 940 2224 clamor,
963 2159 993 2211 ct
1013 2152 1074 2211 irae
1208 2156 1260 2213 615

263 2236 336 2296 Hinc
358 2246 445 2315 atque
467 2236 534 2296 inde
556 2237 668 2304 calent;
691 2236 771 2296 nullo
793 2237 873 2295 venit
894 2235 996 2294 ordine
1017 2233 1144 2310 bellum,

263 2320 443 2399 confusique
465 2320 556 2381 duces
578 2320 687 2398 vulgo,
712 2330 740 2380 et
759 2319 898 2397 neglecta
920 2327 1071 2397 regentum

263 2405 404 2484 imperia,
427 2424 481 2467 una
503 2407 617 2483 equites
637 2406 719 2466 mixti
740 2405 928 2484 peditumque
948 2412 1085 2465 catervae

262 2489 301 2550 Et
320 2491 412 2569 rapidi
434 2509 551 2559 currus;
574 2492 679 2570 premit
700 2490 844 2568 indigesta
865 2499 984 2550 ruentes

263 2573 371 2653 Copia,
391 2595 448 2635 nec
467 2594 535 2635 sese
557 2585 642 2636 vacat
661 2584 827 2650 ostentare,
847 2593 904 2635 nco
922 2574 1037 2635 hostem
1210 2581 1263 2635 620

261 2659 405 2720 Noscere.
450 2661 499 2721 Sic
520 2660 623 2721 subitis
645 2660 784 2724 Thebana
805 2660 975 2739 Argivaque
1001 2657 1095 2738 pubes

266 2743 433 2804 Conflixere
456 2744 571 2822 globis;
594 2755 675 2807 retro
696 2746 824 2821 vexilla,
852 2744 998 2823 tubaeque

262 2828 332 2887 Post
355 2837 469 2906 tergum
489 2837 518 2888 et
536 2829 597 2889 litui
619 2828 728 2889 bellum
749 2831 889 2889 invenere
912 2829 1015 2889 secuti.

264 2912 371 2973 Tantus
392 2912 428 2973 ab
449 2914 556 2987 exiguo
580 2913 727 2973 crudescit
747 2915 888 2989 sanguine
907 2910 1039 2973 Mavors!

263 2997 376 3057 Ventus
397 2998 438 3057 uti
457 2998 564 3074 primus
587 3000 670 3055 struit
690 2999 766 3057 inter
787 2996 886 3057 nubila
906 2998 985 3058 vires
1211 2999 1262 3055 625

263 3080 350 3141 Lenis
371 3082 465 3142 adhuc
487 3080 667 3160 frondesque
690 3090 721 3142 et
741 3090 843 3162 aperta
862 3083 1009 3143 cacumina
1029 3086 1145 3158 gestat,

262 3164 333 3226 Mox
353 3168 447 3244 rapuit
466 3184 567 3225 nemus
589 3175 620 3226 ct
640 3176 755 3227 montes
776 3167 919 3246 patefecit
940 3182 1061 3244 opacos.

326 3250 410 3311 Nunc
429 3269 500 3329 age,
524 3251 654 3328 Pieriae,
678 3270 795 3312 -non
818 3269 873 3311 vos
891 3251 1066 3331 longinqua,
1089 3263 1219 3323 sorores,

267 3334 451 3396 Consulimus
471 3369 514 3381 —
532 3345 648 3396 vestras
670 3337 750 3397 acies
769 3345 957 3415 vestramque
978 3336 1089 3397 referto

263 3420 403 3487 Aoniam;
425 3422 537 3482 vidistis
557 3423 650 3496 enim,
673 3421 739 3482 dum
762 3421 857 3482 Morte
880 3422 1045 3501 propinquo
1211 3425 1264 3481 630

262 3505 388 3565 Horrent
410 3504 579 3581 Tyrrhenos
600 3505 753 3569 Heliconia
774 3506 889 3586 plectra
910 3505 1056 3567 tumultus.

326 3591 475 3651 Sidonium
496 3591 633 3652 Pterelan
656 3593 776 3670 sonipes
798 3590 948 3652 malefidus
970 3591 1104 3653 lammis

263 3674 453 3753 Rumpentem
473 3676 573 3736 frenos
592 3675 709 3737 diversa
729 3695 785 3756 per
805 3675 919 3754 agmine
940 3684 1037 3754 raptat

260 3759 318 3820 lam
337 3759 430 3822 liber:
451 3762 505 3822 sic
517 3761 599 3824 fessa
617 3779 741 3844 manus,
758 3763 847 3827 uenit
858 3761 957 3825 uasta
973 3776 1035 3839 qen
1051 3770 1160 3815 amos
