3134 4434
315 447 356 512 36
641 460 687 512 a.
706 459 841 509 asamar
862 457 977 511 sanan

314 617 466 678 Excusare
488 625 580 677 torus.
624 613 740 678 Celsum
761 615 952 678 subeuntibus
973 633 1070 681 arcem

314 702 347 765 ln
369 700 508 781 gradibus
530 701 630 761 summi
651 701 803 782 delapsum
825 702 949 764 culmine
969 702 1069 782 templi

314 787 449 848 Arcados
468 785 575 866 Euippi
597 787 722 866 spolium
744 786 821 847 cadit
845 805 949 847 aereus
971 786 1063 863 orbis,

314 872 552 952 Praemissasque
574 871 674 949 iaces,
697 871 804 932 festum
824 871 998 932 nubentibus
1022 873 1127 950 ignem,

290 968 293 973 ·
314 955 431 1032 Obruit,
456 975 532 1036 eque
552 956 646 1032 adytis
665 956 749 1016 simul
771 955 906 1017 exaudita
927 959 1047 1017 remotis
1260 966 1318 1022 260

312 1040 445 1101 Nondum
466 1056 553 1101 ausos
575 1040 690 1103 firmare
710 1040 832 1118 gradum
850 1039 918 1101 tuba
937 1043 1038 1101 terruit
1056 1043 1168 1119 ingens.

374 1124 407 1185 ln
428 1144 530 1204 regern
555 1125 690 1187 conversi
712 1143 813 1185 omnes
833 1124 985 1185 formidine
1007 1128 1108 1204 prima,
1179 1130 1206 1158 Α

312 1208 382 1270 llox
403 1210 520 1271 audisse
541 1219 662 1288 negant;
684 1218 806 1270 cunctos
827 1218 923 1271 tamen
946 1211 1040 1271 omina
1062 1229 1159 1271 rerum

311 1294 382 1355 Dira
399 1304 534 1372 movent,
556 1296 704 1376 variisque
725 1301 833 1355 metum
854 1295 1035 1355 sermonibus
1057 1306 1172 1374 augent.

310 1378 375 1440 Nec
395 1381 510 1440 mirum:
533 1399 598 1442 nam
620 1389 649 1441 tu
669 1380 812 1441 infaustos
832 1379 958 1440 donante
978 1381 1081 1442 marito
1259 1391 1316 1448 265

312 1462 435 1525 Ornatus
457 1464 549 1543 Argia
566 1466 646 1543 geris
663 1465 813 1544 dirumque
830 1465 937 1526 monile

310 1547 491 1610 llarroonies.
531 1549 631 1628 Longa
654 1559 700 1611 est
721 1550 833 1626 series,
857 1550 910 1610 sed
931 1557 1000 1610 nota
1020 1549 1160 1610 malorum

310 1631 496 1713 Persequar,
519 1634 594 1695 unde
616 1635 699 1696 novis
720 1643 776 1695 tarn
796 1652 885 1695 saeva
903 1635 1032 1715 potentia
1055 1635 1149 1695 donis.

373 1715 506 1779 lemnius
524 1719 614 1796 baec,
634 1727 665 1779 at
684 1719 781 1798 prisca
803 1718 892 1794 fides,
912 1717 1053 1785 Mavortia
1074 1719 1192 1797 longum

310 1801 399 1864 Furta
420 1802 543 1881 dolens,
567 1813 653 1883 capto
676 1812 830 1883 postquam
848 1804 918 1864 nibil
939 1803 1035 1865 obstat
1054 1807 1143 1864 amori
1257 1815 1315 1870 270

310 1887 425 1964 Poena,
446 1907 503 1948 nec
523 1888 644 1948 ultrices
662 1889 847 1966 castigavere
870 1898 1001 1965 catenae,

309 1971 482 2033 Harmonies
502 1972 599 2034 dotale
624 1972 715 2033 decus
738 1971 793 2033 sub
813 1972 880 2033 luce
904 1973 993 2052 iugali

311 2058 473 2121 Strnxerat.
521 2057 603 2135 lloc,
625 2056 704 2118 docti
727 2075 898 2137 quamquam
919 2059 1046 2135 maiora,
1070 2057 1203 2120 laborant

227 2138 229 2144 ’
293 2139 483 2222 'Dyclopes,
506 2143 625 2222 notique
647 2159 768 2222 operum
791 2141 946 2203 Telchines
965 2144 1056 2204 amica
1305 2202 1310 2214 ,

312 2224 450 2288 Certatim
471 2229 573 2288 iuvere
592 2245 691 2305 mann,
711 2227 763 2288 sed
786 2228 926 2307 plurimus
946 2229 1002 2308 ipsi
1259 2241 1314 2296 275

311 2311 417 2372 Sudor.
459 2311 503 2372 lbi
525 2330 631 2374 arcano
653 2311 794 2374 florentes
814 2313 883 2391 igne
904 2314 1074 2391 smaragdos

312 2395 408 2474 cingit
430 2406 459 2456 et
480 2397 619 2458 infaustas
642 2414 814 2476 percussam
834 2397 983 2458 adamanta
1001 2398 1108 2475 figuras

311 2481 546 2559 Gorgoneosque
565 2480 672 2557 orbes,
694 2481 851 2561 Siculaque
871 2480 975 2542 incude
997 2483 1118 2543 relictos

309 2564 449 2626 Fulminis
471 2566 592 2626 extremi
615 2565 728 2625 cineres
749 2563 1102 2644 viridumqne‘draconum

309 2649 454 2711 bucentes
477 2668 493 2711 a
513 2649 610 2710 fronte
627 2648 726 2720 inbas;
749 2649 797 2711 bic
817 2648 916 2710 debile
941 2669 1062 2728 germen
1257 2665 1313 2720 280

309 2733 502 2814 llesperidum
525 2743 555 2795 et
575 2735 666 2796 dirum
686 2733 830 2810 Pbryxaei
851 2734 973 2795 velleris
995 2754 1103 2797 aurum.

311 2818 383 2880 'lum
403 2821 499 2881 varias
520 2828 621 2900 pestes
640 2827 812 2899 raptumque
831 2819 995 2899 interplicat
1017 2830 1080 2881 atro

311 2903 486 2984 Tisiphones
507 2905 544 2968 de
565 2905 645 2966 crine
664 2904 784 2982 ducem,
807 2912 836 2966 et
856 2923 930 2985 quae
952 2907 1081 2985 pessima
1102 2917 1205 2970 ceston

309 2987 363 3048 Vis
385 2990 503 3069 probat;
524 2991 598 3050 baec
618 2990 727 3051 circum
744 2991 853 3069 spumis
875 2989 1023 3052 lunaribus
1042 2994 1122 3070 ungit

311 3071 441 3135 Callidus
463 3085 549 3154 atque
570 3074 654 3136 bilari
675 3075 822 3154 perfundit
841 3084 944 3137 cuncta
962 3093 1088 3139 veneno.
1256 3086 1308 3140 285

309 3157 376 3218 Non
397 3158 454 3218 hoc
476 3159 609 3221 Pasithea
631 3159 800 3222 blandarum
820 3162 912 3239 prima
935 3177 1077 3238 sororum,

309 3241 376 3302 Non
397 3241 497 3303 Decor
517 3243 683 3324 Idaliusque
707 3263 797 3325 puer,
820 3244 873 3305 s'ed
894 3243 1001 3307 Luctus
1021 3253 1051 3305 et
1070 3245 1146 3321 lrac,

309 3325 348 3388 Et
367 3326 462 3388 Dolor
482 3336 513 3388 et
533 3337 594 3389 tota
612 3330 720 3408 pressit
741 3329 896 3391 Discordia
908 3329 1027 3393 ‚dextra

374 3411 467 3473 Prima
489 3411 563 3472 fides
585 3415 685 3492 operi,
706 3412 842 3475 Cadmum
865 3415 998 3475 comitata
1017 3414 1158 3475 iacentem

308 3496 464 3558 llarmonie
484 3498 580 3558 versis
602 3499 631 3558 ia
653 3498 738 3574 sibila
757 3499 819 3560 dIra
837 3498 977 3578 querelis,
1033 3514 1036 3518 “
1257 3509 1311 3563 290

308 3581 446 3657 Illyricos
465 3580 555 3660 longo
576 3583 700 3644 sulcavit
720 3592 845 3663 pectore
869 3599 999 3663 campos.

308 3664 435 3746 Inproba
455 3683 524 3727 mox
544 3667 662 3728 Semele
683 3669 733 3729 rix
753 3668 829 3729 dona
852 3669 987 3731 nocentia
1009 3670 1088 3732 collo

309 3749 419 3832 Induit,
443 3760 473 3813 et
492 3751 584 3814 fallax
603 3753 718 3815 intrarit
739 3752 836 3839 limina
857 3750 938 3816 Iuno.
