3134 4434
324 475 412 523 xxvr
515 454 561 477 '¹
722 471 933 520 1111011110.

327 634 457 693 vandum
471 640 540 690 erat.
574 637 620 690 12.
634 636 714 690 uerso
725 633 918 706 etpraeduait
931 633 1031 707 scripsi
1047 633 1194 690 Heinsium
1206 638 1332 690 secutus.

324 723 373 778 35.
387 720 449 775 libri
460 719 617 785 hebetante,
635 717 736 772 Markl.
756 719 829 773 coni.
848 719 1018 790 trepidante,
1035 720 1121 776 Arsit.
1144 718 1264 774 labante.
1286 725 1329 778 38

281 814 285 821 ·
326 803 390 860 libri
405 805 494 860 nostri
506 803 646 870 stellatae,
656 801 736 873 vulg.
747 803 870 871 solatus,
888 810 1016 859 neutrum
1032 804 1100 874 quid
1111 803 1253 874 significet
1263 819 1330 874 per-

328 889 428 961 spicio.
462 890 595 947 41—46.
614 885 709 940 missis
727 885 830 942 Markl.
851 888 1021 943 coniecturis
1039 889 1142 960 ubique
1161 889 1331 959 optimorum

219 966 222 973 ’
319 973 460 1029 librorum
472 971 594 1043 vestigia
603 975 717 1026 secutus
731 971 832 1042 scripsi
844 969 890 1026 hic
902 986 959 1044 epa,
971 974 997 1027 si
1009 971 1063 1038 tibi,
1076 973 1209 1044 decerpat
1218 967 1328 1044 (Cap),

325 1059 451 1126 inserui,
468 1058 535 1126 loci,
552 1054 614 1123 sed,
633 1067 713 1108 sume
729 1059 773 1122 et,
791 1055 918 1111 uulnera.
950 1059 994 1114 54.
1012 1055 1091 1110 Vrat.
1111 1057 1174 1112 Par.
1192 1057 1236 1124 (in
1253 1071 1329 1112 mar·

326 1138 408 1214 gine)
421 1143 461 1198 ais
471 1140 550 1196 nuda
565 1139 665 1193 uirum.
685 1139 742 1196 ’55.
759 1155 823 1195 cum
835 1139 937 1197 Markl.
952 1155 1051 1212 campo
1063 1140 1145 1207 dedi,
1161 1140 1224 1195 libri
1238 1139 1327 1211 fossa.

327 1230 371 1285 58.
383 1227 431 1281 lib.
443 1227 543 1293 000111,
560 1216 611 1281 59.
620 1225 818 1294 praecinerem
827 1226 965 1296 pensitam.
995 1228 1038 1283 61.
1052 1226 1098 1280 lib.
1114 1231 1195 1296 atque
1209 1225 1256 1278 tibi
1270 1241 1330 1279 ma·

327 1324 442 1382 resque,
457 1307 534 1382 quod
544 1305 622 1363 haud
633 1307 715 1362 lacile
733 1308 905 1380 intelligitur.
938 1311 980 1367 64.
992 1309 1054 1364 Par.
1068 1323 1166 1376 saeua,
1181 1309 1261 1363 Vrat.
1280 1323 1328 1363 ae-

327 1410 377 1450 na.
409 1398 454 1455 69.
466 1402 565 1448 omnes
581 1392 660 1459 alies,
679 1397 827 1463 practerea
838 1391 908 1464 Cap.
924 1395 1013 1449 maior
1025 1391 1113 1465 farte.
1138 1395 1182 1452 71.
1197 1393 1261 1447 libri
1278 1407 1330 1448 nec

308 1476 406 1548 nihi,
436 1481 480 1538 77.
502 1490 643 1549 supremo.
677 1480 721 1535 79.
739 1476 803 1532 Par.
828 1479 941 1533 seruire.
983 1481 1028 1536 80.
1046 1479 1127 1532 Vrat.
1145 1478 1210 1532 Par.
1231 1483 1327 1532 morte.

327 1567 374 1623 83.
388 1562 467 1618 Vrat.
480 1577 567 1617 rauca
577 1577 628 1632 pro
644 1566 757 1629 trunco,
790 1567 834 1622 85.
855 1560 967 1635 sunere.
998 1567 1042 1622 86.
1061 1563 1149 1616 nostri
1168 1562 1230 1616 libri
1248 1561 1330 1616 deaii.

326 1651 371 1706 88.
383 1645 468 1719 saecla
482 1662 546 1701 curn
561 1646 664 1701 Markl.
676 1646 755 1717 vulg.
771 1647 858 1719 fissa,
873 1645 954 1702 Vrat.
972 1647 1035 1704 Par.
1055 1647 1130 1720 fida,
1148 1651 1265 1717 uterque
1284 1651 1328 1706 90.

321 1732 450 1803 planpat.
487 1735 531 1790 92.
555 1729 721 1801 scripsimus
739 1730 818 1786 labar
832 1759 875 1770 --
894 1744 1008 1802 campos
1028 1746 1064 1785 cx
1080 1731 1169 1785 libris.
1201 1735 1330 1789 91111110

328 1817 456 1886 ipraeex
468 1814 592 1871 Gronov.
605 1815 740 1886 conieci,
753 1831 851 1870 omnes
863 1815 925 1871 libri
938 1814 992 1870 hoc
1005 1815 1068 1870 loco
1080 1815 1175 1870 vitiosi
1188 1820 1261 1870 sunt.
1285 1818 1330 1873 96.

328 1899 391 1955 libri
404 1900 506 1956 atomos.
524 1904 585 1958 104.
597 1899 730 1953 librorum
741 1901 905 1955 auctoritate
917 1898 1067 1971 rescripsi:

493 2023 592 2082 Exere
603 2026 747 2080 semirutos
761 2024 797 2079 rte
811 2025 897 2080 subito
910 2026 1026 2097 pulvere
1039 2025 1141 2097 vultus,

491 2108 682 2181 Parthenope,
699 2111 856 2182 crinemque
870 2109 969 2182 afflato
986 2115 1076 2166 monte
1089 2110 1190 2181 sepulti
1203 2117 1255 2166 etc.

330 2233 407 2305 quod
420 2233 591 2312 habetVrat.
602 2234 754 2306 sepultum,
767 2251 823 2289 non
837 2236 983 2303 convenit,
995 2251 1087 2306 neque
1101 2234 1231 2306 displicet
1247 2237 1331 2291 Hein-

330 2318 507 2375 sii‘aatustum
522 2320 569 2375 vel
585 2320 687 2374 Markl.
707 2319 832 2374 adesum.
861 2323 923 2379 109.
942 2321 1021 2374 Vrat.
1040 2319 1216 2391 Pausania,
1236 2323 1329 2377 Parra.

330 2403 432 2457 lamae.
457 2410 510 2462 110
523 2411 618 2459 tenens
628 2403 723 2474 recepi
735 2409 762 2458 et
774 2403 918 2474 probabas
930 2420 966 2458 ex
983 2403 1082 2472 codd.,
1100 2411 1248 2475 utrumque
1265 2422 1330 2476 pro·

329 2487 395 2541 burn
407 2492 450 2542 est
463 2492 489 2542 et
501 2488 626 2543 latinum.
654 2492 716 2545 112.
730 2489 932 2557 praestrinxit,
950 2488 1026 2560 quod
1048 2489 1264 2560 vulgo'legitur,
1279 2487 1330 2544 'ex-

330 2586 429 2643 presse
448 2573 476 2627 in
493 2573 573 2640 Par„
588 2570 667 2626 Vrat.
688 2578 716 2626 et
731 2572 958 2643 Parm.praestat
972 2573 1036 2642 seat,
1047 2572 1123 2627 unde
1143 2574 1208 2628 lecit
1224 2573 1330 2628 Markl.

328 2657 433 2726 pressit
446 2670 508 2712 sua.
539 2660 599 2714 125.
609 2656 673 2709 Par.
687 2654 753 2726 Cap.
760 2657 866 2728 pendet
879 2659 916 2714 in.
939 2662 999 2716 129.
1017 2656 1195 2713 scribendum
1210 2660 1330 2712 est'cum

212 2742 220 2757 “·
329 2738 415 2795 codd.
426 2742 516 2796 maiar
532 2746 562 2795 at
575 2738 639 2795 inde
651 2754 731 2795 10001
745 2742 824 2812 lonpa
833 2739 942 2812 probat
952 2741 1049 2797 ordine
1065 2743 1134 2797 uitae
1148 2771 1191 2780 -—
1204 2742 1330 2812 sequitur

248 2850 250 2855 ·
329 2825 445 2893 lacuna,
464 2831 492 2880 et
509 2824 537 2879 in
555 2840 657 2894 versu,
677 2825 723 2895 qui
744 2826 823 2895 sequi
845 2824 977 2894 debebat,
996 2827 1142 2897 legebatur
1161 2827 1221 2879 sinc
1243 2826 1328 2882 dubio

329 2908 419 2978 primo
432 2910 495 2965 loco
506 2906 694 2980 Parthenope.
718 2913 779 2967 133.
792 2916 875 2980 atque
885 2909 937 2971 ibi·
959 2915 988 2965 ut
1000 2926 1058 2967 vox
1068 2910 1106 2964 ibe
1123 2904 1271 2984 (Neapoli)
1286 2910 1329 2965 la-

243 3024 252 3041 .
330 2993 412 3048 cilius
425 2993 609 3065 intelligatur,
620 3010 722 3049 versus
736 2998 883 3053 lau-132
899 2992 1086 3069 (Maeoniden
1097 3022 1141 3034 -
1149 2988 1233 3067 falsi)
1248 2996 1329 3050 uncis
1358 2988 1364 3001 '

233 3100 235 3103 ·
330 3077 437 3132 includi
449 3084 578 3148 possunt.
612 3083 674 3136 135.
690 3077 793 3149 festina
807 3078 859 3133 sed
875 3083 907 3133 ut
927 3078 1001 3148 etun,
1021 3093 1093 3149 quae
1112 3079 1220 3133 suntin
1240 3078 1329 3146 libris,

330 3166 406 3216 recte
423 3163 542 3232 expulsa
562 3167 635 3217 sunt.
665 3166 725 3221 138.
732 3177 848 3234 pupnae
864 3163 981 3220 restitui.
1012 3166 1073 3221 153.
1092 3161 1191 3216 retinui
1214 3160 1328 3234 Ibycus,

333 3245 380 3302 lib.
397 3244 497 3301 obsitas
514 3247 561 3301 vel
579 3246 703 3303 obiitin..
726 3250 785 3304 154.
804 3247 866 3302 libri
885 3247 1025 3318 saltusque
1041 3249 1168 3319 inpressa
1192 3248 1285 3301 uiriles
1298 3252 1331 3300 ct

331 3328 469 3386 Chalcide.
498 3335 559 3389 161.
572 3329 694 3386 versitas
707 3345 743 3385 ex
761 3331 848 3387 libris.
877 3334 936 3390 166.
954 3328 1042 3402 Capit.
1061 3332 1228 3402 spectatrix.
1266 3333 1328 3389 170.

329 3414 410 3469 Vrat.
423 3414 462 3468 ad
475 3421 501 3470 te
511 3415 682 3486 permissus,
695 3412 762 3485 Cap.
773 3417 942 3487 permixtus.
972 3417 1030 3473 171.
1043 3416 1121 3472 Vrat.
1133 3415 1236 3470 domas.
1270 3420 1330 3474 181.

220 3510 223 3517 ·
330 3498 393 3553 libri
407 3499 510 3554 vitiose
527 3502 669 3554 monetatis
686 3500 747 3554 01111
763 3501 810 3554 vel
822 3528 863 3540 -
875 3500 960 3569 batis,
990 3504 1049 3559 182.
1062 3500 1154 3556 Parm.
1167 3498 1329 3570 atrpttribus,

330 3584 417 3637 ceteri
428 3585 562 3655 cupariis.
594 3588 654 3642 183.
672 3583 801 3638 ordinem
811 3586 962 3640 verborum
982 3585 1159 3641 servavimus
1173 3582 1330 3655 secundum

329 3667 427 3723 libros.
470 3668 628 3727 1911101.
654 3668 811 3740 strinpebat.
849 3673 911 3726 202.
935 3670 1057 3740 concipis
1075 3676 1102 3723 et
1120 3667 1242 3740 fulmina
1265 3683 1330 3722 curn

321 3751 427 3804 Marte).
446 3753 564 3824 scripsi,
583 3754 645 3809 libri
664 3755 786 3809 cananis
808 3760 835 3808 et
855 3754 978 3825 flumina.
1021 3754 1177 3812 20911101.
1202 3755 1331 3824 inotaque
