3134 4434
442 822 473 873 ,ι
541 797 588 881 Ρ.
618 795 829 879 ΡΑΡΙΝΠ
859 794 1039 884 STATH

367 959 1215 1066 ACHILLEIDOS

633 1150 944 1226 uremur.
1069 1186 1072 1191 ·

287 1335 518 1466 Magnanimum
539 1383 691 1445 Aeaciden
713 1385 952 1466 formidatamque
976 1376 1099 1447 Tonanti
1144 1422 1151 1431 -

285 1471 462 1550 Progeniem
482 1478 512 1529 et
530 1471 625 1548 patrio
646 1471 765 1531 vetitam
785 1471 950 1532 succedere
967 1471 1068 1547 coelo,

286 1557 379 1633 Diua,
399 1553 495 1622 reier;
519 1562 690 1633 quamquam
712 1564 777 1616 acta
798 1556 854 1615 viri
875 1555 993 1615 multum
1013 1555 1112 1615 inclita
1133 1561 1217 1616 oantu

285 1639 441 1715 Maeonio,
461 1638 515 1698 sed
539 1637 623 1716 plura
645 1648 759 1700 vacant.
800 1639 862 1700 Nos
884 1628 928 1700 ir'e
950 1656 1147 1719 peromnem,

284 1726 337 1786 Sic
358 1731 520 1798 amorem,
543 1721 635 1784 heroa
655 1724 730 1783 velis
752 1725 907 1802 Scyroque
930 1724 1067 1785 latentem
1274 1732 1291 1786 5

283 1807 421 1870 Dulichia
438 1806 579 1886 prolerre
618 1807 704 1884 tuba,
725 1825 783 1868 neo
804 1809 834 1868 in
853 1807 983 1870 lleotore
1005 1815 1098 1869 tracto

284 1894 418 1968 sistere,
437 1890 491 1951 sed
510 1898 570 1950 tota
589 1891 725 1952 iuvenem
745 1893 894 1953 deducere
917 1891 1015 1952 Proin.

284 1976 332 2038 'Pu
351 1976 456 2052 modo,
475 1974 500 2034 si
519 1982 640 2036 veteres
659 1976 746 2053 digno
768 1977 953 2055 deplevimus
972 1976 1086 2052 haustu,

281 2061 332 2122 Da
352 2060 450 2121 fontes
471 2059 556 2135 mihi,
580 2059 717 2137 Phoebe,
741 2078 835 2121 novos
859 2078 895 2121 ao
917 2059 1021 2120 ironde
1040 2057 1168 2120 secunda

281 2144 381 2207 Necte
400 2161 513 2213 comus;
533 2162 629 2222 neque
650 2146 726 2205 euim
742 2144 867 2205 Aonium
885 2162 985 2205 nemus
1007 2143 1119 2205 advena
1136 2141 1235 2222 pulso,
1256 2153 1291 2208 1⁰

283 2228 352 2291 Nec
371 2246 437 2289 meu
457 2245 533 2288 nuno
556 2229 656 2307 primis
674 2229 828 2289 albescunt
849 2237 982 2307 tempora
1002 2228 1094 2287 vittis.

283 2314 350 2376 Scit
369 2311 513 2373 Dircaeus
535 2331 624 2390 ager,
645 2330 752 2392 meque
775 2315 849 2373 inter
872 2314 971 2392 prisca
991 2319 1142 2392 pareutum

282 2397 409 2459 Nomina
430 2414 554 2476 cumque
575 2414 629 2457 suo
651 2407 801 2458 numerant
822 2397 988 2477 Amphione
1010 2396 1142 2457 Thebae.

351 2481 391 2541 At
411 2488 457 2559 tu,
478 2486 565 2561 quem
586 2481 675 2560 louge
698 2483 820 2561 primum
838 2491 936 2561 stupet
954 2481 1025 2542 Itala
1045 2482 1136 2541 virtus

282 2565 448 2643 Graiaque,
471 2566 517 2625 cni
538 2567 672 2643 geminae
693 2566 799 2628 dorent
819 2576 974 2647 vatumque
996 2566 1159 2645 ducumque
1255 2576 1289 2629 15

283 2648 426 2710 Gertatim
447 2648 563 2726 laurus,
587 2650 656 2711 olim
672 2651 759 2711 dolet
782 2651 875 2713 altera
895 2652 984 2728 vinci,

280 2734 331 2796 Da
351 2734 464 2794 veniam
488 2750 524 2794 ac
541 2735 685 2814 trepidum
706 2744 810 2814 patere
831 2736 889 2797 hoc
911 2735 1018 2797 sudare
1041 2748 1200 2813 parumper

279 2816 421 2882 Pulvere.
462 2815 505 2878 Te
524 2818 615 2896 longo
636 2820 760 2891 necdum
780 2821 888 2881 fidente
900 2828 1012 2899 'paratu

280 2900 435 2978 blolimur,
458 2919 639 2981 magnusque
662 2904 714 2964 tibi
734 2904 888 2983 praeludat
907 2903 1052 2963 A'chilles.

348 2985 485 3047 Solverat
503 2985 627 3048 Oebalio
650 2989 776 3049 classem
799 2988 836 3048 de
857 2987 944 3048 litore
967 2995 1069 3066 pastor
1253 2995 1289 3051 bb

280 3069 437 3132 Dardanus
458 3071 589 3132 incantas
610 3072 717 3133 blande
739 3073 899 3153 populatus·
912 3070 1066 3147 Amyclas,

280 3153 434 3234 Plenaque
456 3157 578 3216 materni
597 3156 731 3217 referens
752 3156 910 3236 praesagia
931 3156 1023 3217 somni

283 3235 439 3318 Culpatum
455 3239 610 3318 relegebat
632 3242 702 3317 iter,
725 3258 782 3320 qua
806 3241 921 3303 condita
942 3250 1033 3320 ponto

280 3320 434 3384 Fluctibus
455 3325 555 3385 invisis
572 3326 628 3385 iam
648 3325 754 3386 Nereis
775 3326 898 3404 imperat
920 3325 1019 3402 Helle,

283 3405 379 3482 Quum
401 3406 502 3469 Thetis
523 3407 645 3487 Idaeos,
667 3410 725 3471 heu
743 3427 896 3488 numquam
912 3427 987 3471 vana
1006 3417 1157 3488 parentum
1251 3419 1286 3472 25

233 3490 239 3497 '
281 3491 429 3570 Auguria!
450 3494 569 3572 expavit
588 3495 684 3556 vitreo
706 3494 759 3554 snb
779 3495 897 3571 gurgite
914 3511 1023 3556 remos.

280 3573 346 3636 Nec
366 3592 467 3653 mora,
490 3586 520 3636 et
539 3577 659 3638 undosis
680 3579 765 3640 turbu
787 3579 942 3640 comitante
965 3590 1099 3638 sororum

281 3658 419 3722 Prosiluit
440 3658 582 3723 thalamis.
626 3661 754 3727 Fervent
776 3663 912 3726 coeuntia
930 3662 1038 3740 Phryxi
