3134 4434
332 454 391 516 176
631 500 647 509 ..
666 467 699 516 Ρ.
718 466 852 516 earnm
871 466 988 517 sunum
1004 475 1015 514 .·

329 625 397 704 lpse
418 624 710 704 qnoque-egregius,
733 641 789 685 neo
807 631 929 704 pectora
950 625 1075 703 virginis
1097 627 1151 691 illi
1294 641 1337 697 eoo

328 709 469 784 Diuersa,
492 709 579 788 inque
601 710 712 787 uicem,
733 710 844 769 sineret
864 710 994 786 fortuna,
1015 710 1204 789 placebant.

328 793 412 856 Bella
430 801 529 853 vetant
548 792 666 870 taedas,
687 795 843 873 iuuenique
864 793 930 854 hino
949 795 1043 855 maior
1064 796 1095 856 in
1119 797 1236 861 hostes

328 878 389 947 lra;
413 879 469 939 ruit
488 879 585 959 primis
602 879 737 939 inmixtus
759 888 790 940 et
811 880 924 961 agmina
944 878 1058 940 Lernae
1093 908 1096 912 ·

328 963 411 1023 Nune
434 963 527 1043 pedes
546 981 617 1024 ense
638 981 731 1042 vago,
753 965 868 1044 prensis
888 975 968 1025 nuno⁴
985 963 1087 1024 celsus
1109 963 1260 1048 habenis,

330 1046 392 1109 Ceu
414 1057 579 1128 spectetur,
598 1049 668 1126 agit.
709 1048 830 1128 Triplici
851 1048 1001 1109 velaverat
1022 1058 1109 1110 ostro
1292 1067 1334 1122 5⁶5

328 1135 490 1212 Surgentes
510 1133 661 1194 etiamnum
680 1133 817 1193 humeros
834 1141 865 1192 et
885 1133 962 1194 levia
983 1142 1078 1195 mater

328 1217 467 1286 Pectora;
489 1227 557 1278 tuno
581 1234 650 1278 auro
671 1217 808 1297 phaleras
828 1234 958 1297 auroque
980 1219 1103 1295 sagittas

328 1301 508 1381 cingulaque
528 1311 557 1362 et
579 1303 721 1380 manicas,
740 1321 776 1363 ne
799 1303 922 1380 coniuge
943 1302 1029 1362 vilior
1047 1303 1119 1380 iret,

326 1386 479 1448 Presserat
500 1397 530 1448 et
549 1389 666 1448 mixtum
687 1404 762 1448 nono
787 1388 968 1466 crispaverat
988 1405 1099 1448 aurum.

328 1471 446 1533 Talibus
467 1471 539 1533 hen!
561 1472 654 1532 fidens
674 1481 762 1533 vocat
781 1472 857 1532 nltro
877 1473 906 1532 in
927 1471 1041 1552 proelia
1064 1471 1191 1536 Graios.
1291 1489 1334 1544 ato

326 1557 373 1618 Ao
395 1559 515 1636 primum
533 1559 563 1617 iu
580 1557 685 1618 faciles
705 1565 856 1634 grassatus
877 1556 996 1636 cuspide
1015 1565 1129 1618 turmas

325 1643 415 1702 Arma
434 1641 525 1702 refert
546 1644 635 1702 sociis
657 1650 687 1702 et
707 1643 736 1701 in
757 1643 870 1718 agmina
888 1640 962 1718 lida,
984 1651 1106 1720 pernota

328 1724 446 1804 (laede,
467 1727 552 1787 redit.
596 1727 646 1787 Sic
665 1725 799 1802 Hyrcana
825 1726 873 1787 leo
887 1725 1022 1806 ¹Caspius
1042 1725 1152 1789 umbra

326 1809 427 1871 Nudus
448 1810 542 1871 adhue
562 1811 701 1891 nulloque
723 1809 808 1871 iubae
828 1811 959 1872 flaventis
979 1811 1094 1872 bonore

327 1893 479 1957 Terribilis
496 1896 651 1975 magnique
671 1897 825 1956 etiamnum
845 1896 991 1973 sanguinis
1010 1896 1123 1971 insons,
1290 1912 1332 1969 575

325 1979 407 2041 Haud
429 1980 532 2060 procul
550 1999 567 2041 a
588 1980 711 2042 stabulis
731 1990 829 2060 captat
852 1981 973 2042 custode
994 1990 1108 2042 remoto

326 2065 425 2145 Segne
449 2083 540 2145 peeus
562 2075 722 2146 teneraque
742 2066 849 2127 famem
867 2067 1007 2127 consumit
1025 2067 1054 2125 in
1072 2083 1164 2143 agna.

390 2147 461 2210 llox
482 2152 611 2228 ignotum
631 2151 717 2211 armis
738 2169 774 2212 ao
796 2151 861 2212 solo
886 2168 1012 2231 corpore
1031 2167 1157 2212 mensus

327 2235 427 2311 Tydea
448 2252 506 2296 non
526 2236 631 2311 timuit,
650 2235 810 2314 fragilique
824 2235 974 2297 facessere
996 2234 1057 2296 telo

326 2321 451 2398 Saepius
472 2319 681 2381 infrendentem
698 2320 763 2381 aliis
779 2321 912 2400 aliosque
934 2329 1105 2400 sequentem
1287 2337 1332 2392 bct

325 2405 423 2465 Ausus
445 2415 516 2466 erat.
556 2404 683 2465 'landem
702 2406 845 2466 invalidos
866 2405 991 2466 Aetolus
1012 2404 1048 2466 ad
1070 2406 1149 2467 ictus

326 2488 414 2549 Forte
436 2489 528 2551 refert
549 2489 654 2550 oeulos
678 2499 707 2550 et
727 2489 911 2551 formidabile
928 2489 1041 2551 ridens:
1119 2544 1121 2548 Α

325 2572 508 2634 ‘iamdudum
529 2574 636 2650 video,
658 2593 791 2652 magnum
813 2575 912 2654 cupis,
934 2573 1076 2654 inprobe,
1096 2574 1152 2636 leti

326 2657 459 2735 Nomen’,
483 2659 531 2718 ait.
573 2658 663 2719 Simul
684 2659 824 2720 audacem
845 2677 903 2720 non
925 2677 995 2721 ense
1015 2676 1071 2719 nee
1091 2658 1182 2723 basta

325 2743 467 2821 Dignatus
488 2742 594 2805 leviter
616 2743 711 2822 digitis
729 2743 840 2805 inbelle
861 2745 964 2806 solutis
1284 2762 1329 2821 505

324 2827 442 2889 Abiecit
463 2828 602 2909 iaculum,
624 2828 753 2890 latebras
774 2839 871 2890 tamen
889 2828 1012 2908 inguinis
1031 2826 1091 2888 alte

324 2913 453 2990 blissile,
476 2932 531 2975 oen
553 2914 621 2975 totis
639 2916 774 2975 intortum
795 2915 922 2990 viribus,
941 2913 1045 2974 bausit.

323 2997 466 3059 Praeterit
482 2999 559 3060 hand
579 2999 695 3061 dubium
714 2999 765 3060 fati
787 3009 817 3061 et
836 3000 965 3079 spoliare
986 2996 1120 3077 superbit

326 3080 470 3144 Oenides:
489 3083 608 3165 ‘Neque
631 3085 707 3161 euim
727 3083 780 3145 luas
796 3082 895 3162 blarti,
918 3092 966 3145 ant
987 3082 1054 3159 tibi,
1077 3081 1195 3150 bellica
1225 3089 1328 3165 Palles,

325 3163 453 3227 Exuvias
473 3169 611 3246 figamus,
633 3169 685 3245 ait,
709 3170 813 3250 proonl
833 3177 932 3230 arceat
949 3169 1043 3248 ipsum
1286 3185 1330 3241 em

325 3249 416 3312 Ferre
437 3255 547 3332 pudor;
569 3255 619 3315 vix
640 3256 665 3314 si
691 3253 799 3315 bellum
821 3256 956 3315 comitata
974 3251 1090 3313 relictis

325 3334 452 3416 Deipyle
474 3338 624 3415 thalamis,
648 3337 691 3398 illi
709 3338 855 3400 illudenda
876 3340 1031 3400 tulissem!
1126 3348 1129 3353 ⁴

389 3422 438 3482 Sio
460 3424 518 3497 ait,
542 3432 572 3484 et
593 3422 665 3483 belli
685 3424 795 3484 maiora
813 3424 849 3485 ad
867 3425 994 3503 praemia
1015 3431 1114 3482 mente

325 3505 456 3567 Ducitur.
500 3505 661 3568 lnnumeris
681 3507 772 3568 veluti
793 3508 842 3569 leo
865 3510 942 3570 forte
962 3508 1071 3588 potitus

325 3588 472 3652 (laedihus
491 3591 618 3652 inbelles
639 3593 746 3653 vitulos
766 3593 932 3673 mollesque
950 3595 1089 3654 iuveneas
1290 3613 1335 3669 595

322 3674 515 3751 Transmittit3
536 3694 641 3755 magno
660 3678 742 3738 furor
763 3685 809 3739 est
829 3679 858 3738 in
878 3679 1018 3757 sanguine
1040 3680 1149 3757 mergi,

307 3756 377 3822 Nee
399 3761 459 3825 nisi
480 3764 635 3849 regnantis
656 3764 777 3829 ceruice
797 3763 979 3826 recumbere
992 3761 1082 3820 taum.
1129 3804 1132 3808 .
