3134 4434
556 764 844 860 P.'PAP1N11
874 773 1052 859 STATH
1141 792 1144 797 ’

395 940 1251 1078 anmantuus

458 1157 461 1162 ·
578 1201 581 1208 .
654 1130 887 1207 LIBER
923 1129 970 1206 V.

710 1328 908 1338 n—-u—-o--u

381 1403 486 1519 Pulsa
506 1456 568 1519 sitis
586 1457 693 1535 fluvio,
716 1457 914 1538 populataque
936 1455 1058 1537 gurgitis
1078 1453 1194 1514 alueum

313 1540 436 1620 Agmina
457 1541 624 1622 linquebant
642 1543 721 1624 ripas
741 1550 911 1622 amnemque
931 1541 1088 1612 minorem;

314 1625 421 1687 Acrior
441 1635 471 1686 et
494 1644 625 1708 campum
644 1628 764 1708 sonipes
783 1628 875 1706 rapit,
898 1635 927 1688 et
948 1624 1041 1706 pedes
1064 1640 1134 1683 arua

313 1709 410 1789 lnplet
427 1728 533 1788 ouans,
551 1711 667 1772 rediere
688 1713 759 1772 viris
779 1712 923 1791 animique
944 1711 1098 1786 minaeque

312 1792 465 1874 Votaque,
488 1795 653 1873 sanguineis
669 1797 787 1857 mixtum
810 1814 864 1858 ceu
881 1795 1009 1857 lontibus
1028 1794 1124 1871 ignem
1298 1803 1314 1854 5

314 1877 484 1941 Hausissent
505 1879 577 1942 belli
598 1897 774 1961 magnasque
793 1882 822 1941 in
842 1881 955 1960 proelia
976 1887 1097 1939 mentes.

378 1963 521 2045 Dispositi
540 1966 569 2026 in
591 1975 698 2027 mamas
717 1984 818 2027 rursus
839 1966 994 2045 legemque
1017 1961 1114 2023 severi

316 2046 447 2128 Ordinis,
463 2058 494 2112 ut
508 2050 613 2132 cuique
627 2060 692 2112 ante
708 2051 792 2113 locus
807 2051 986 2130 ductorque,
1001 2054 1155 2108 monentur

315 2132 480 2196 lustaurare
500 2137 573 2199 vias.
618 2135 717 2197 Tellus
738 2137 794 2198 iam
816 2136 939 2217 pulvere
958 2134 1051 2214 primo

318 2215 449 2296 Crescit,
469 2229 500 2281 et
520 2237 663 2282 armorum
683 2222 875 2283 transmittunt
896 2219 1011 2297 fulgura
1034 2218 1136 2278 silvae.
1283 2226 1316 2278 10

317 2302 420 2376 Qualia
435 2313 513 2365 trans
534 2304 655 2365 Pontum
675 2305 785 2366 Phariis
807 2305 928 2366 defensa
950 2303 1063 2364 serenis

316 2386 415 2448 Rauca
434 2387 607 2449 Paraetonio
628 2388 772 2451 decedunt
793 2389 906 2468 agmina
927 2386 1006 2464 Nilo,

317 2471 410 2545 Quum
432 2471 495 2533 iera
516 2473 598 2552 pouit
617 2472 724 2534 hiems:
752 2473 821 2534 illae
844 2473 984 2550 clangore
1001 2471 1108 2551 fugaci,

315 2553 423 2617 Umbra
444 2556 527 2617 iretis
549 2557 684 2636 arvisque
705 2558 821 2634 volant,
841 2566 925 2618 sonat
944 2557 1025 2617 avius
1046 2555 1158 2616 aether.

316 2638 374 2700 lam
394 2638 508 2703 Borean
529 2640 694 2722 imbresque
713 2643 790 2722 pati,
816 2643 872 2703 iam
892 2660 963 2702 nare
985 2641 1088 2702 solutis
1281 2648 1312 2699 15

317 2723 456 2786 Amuibus
476 2735 505 2787 et
524 2727 602 2788 nudo
622 2727 700 2789 iuvat
721 2727 865 2788 aestivare
888 2726 941 2787 sub
963 2726 1083 2787 Haemo.

380 2809 433 2872 liic
454 2830 553 2874 rursus
574 2811 660 2874 simili
681 2829 837 2894 procerum
853 2812 981 2874 vallante
1004 2827 1113 2872 corona

317 2894 384 2955 Dux
404 2895 604 2975 Talaionides,
623 2899 739 2978 antiqua
760 2905 790 2957 ut
810 2897 887 2958 forte
908 2896 961 2958 sub
984 2911 1055 2957 orno

319 2979 436 3059 Stabat,
460 2991 489 3043 et
510 2982 617 3043 admoti
637 2983 722 3043 nixus
742 2981 890 3058 Polynicis
909 2983 938 3042 in
959 2981 1085 3042 hastam:

379 3063 431 3125 ‘At
445 3074 558 3142 tamen,
578 3082 596 3127 o
614 3083 814 3146 quaecumque
830 3085 881 3145 es,
903 3067 958 3144 ait,
980 3067 1025 3126 cui
1039 3064 1134 3144 gloria
1146 3070 1224 3124 tanta
1277 3073 1313 3129 20

318 3148 458 3210 Venimus
479 3151 644 3211 innumerae
664 3150 752 3212 latum
773 3150 885 3213 dehere
907 3151 1056 3225 cohortes,

318 3232 412 3308 Quem
432 3252 490 3295 non
509 3236 575 3314 ipse
595 3235 681 3296 deum
702 3244 782 3296 sator
803 3245 975 3317 aspernetur
995 3236 1146 3309 honorem,

319 3318 374 3380 Dic
396 3337 468 3399 age,
488 3319 602 3401 quando
620 3321 677 3380 tuis
699 3320 813 3382 alacres
835 3320 998 3382 adsistimus
1017 3319 1113 3395 undis,

320 3403 403 3477 erae
421 3405 522 3466 domus
538 3413 587 3466 aut
600 3405 704 3481 tellus,
722 3406 843 3466 animam
862 3403 966 3485 quibus
980 3403 1112 3465 hauseris
1128 3399 1236 3463 astris?

320 3487 392 3567 Dic,
416 3490 480 3568 quis
496 3498 525 3550 et
539 3489 590 3550 ille
605 3487 711 3569 pater‘l
732 3507 828 3569 neque
844 3490 920 3549 euim
936 3487 988 3548 tibi
1002 3490 1114 3549 numina
1131 3487 1233 3564 longe,
1279 3498 1313 3551 25

321 3571 478 3636 Transierit
498 3574 612 3635 iortuna
634 3574 718 3652 licet,
741 3574 891 3652 maiorque
913 3590 969 3652 per
987 3590 1039 3651 pra

321 3658 463 3738 Sanguis,
483 3668 513 3721 et
533 3658 642 3721 afflicto
664 3660 755 3741 spirat
776 3659 942 3720 reverentia
963 3658 1052 3719 uultu.
