3134 4434
607 453 784 503 SILVARUM
804 456 836 503 Ia.
858 456 910 504 111.

256 611 354 672 Dulce
379 611 418 672 sit
438 611 590 690 Iliacoque
613 611 709 688 iugum
731 612 920 675 memorabile
942 631 1034 690 remo,

258 699 316 757 Seu
338 694 394 757 tibi
411 695 541 758 Bacchei
561 697 659 757 vineta
680 695 823 757 madentia
843 697 929 758 Gauri
977 714 980 718 ⁴

257 780 482 861 Teleboumque
504 781 624 858 domos,
644 781 767 859 trepidis
787 781 836 842 ubi
855 783 950 842 dulcia
971 783 1065 843 nautis
1210 797 1261 849 100

256 866 376 928 Lumina
396 868 570 944 noctivagae
592 865 669 926 tollit
689 865 799 927 Pharus
821 867 934 927 aemula
955 867 1051 944 lunae,

258 951 395 1031 Canaque
415 968 474 1011 non
490 950 571 1012 molli
590 953 657 1029 iuga
677 952 848 1012 Surrentina
866 951 976 1028 Lyaeo,

259 1037 343 1111 Quae
366 1054 451 1096 meus
471 1046 538 1096 ante
558 1036 632 1097 alios
653 1034 798 1096 habitator
816 1036 926 1097 Pollius
948 1045 1046 1112 auget,

259 1122 466 1200 Aenariaeque
487 1121 569 1181 lacus
587 1120 719 1180 medicos
738 1121 924 1201 Statinasque
945 1128 1072 1181 renatas.

321 1204 406 1266 Mille
428 1205 479 1264 tibi
499 1214 618 1266 nostrae
639 1204 766 1273 reseram
787 1207 901 1268 telluris
918 1223 1044 1267 amores.
1212 1219 1260 1271 105

259 1291 320 1351 Sed
344 1291 415 1351 satis
436 1289 513 1367 hoc,
536 1291 659 1365 coniux,
683 1290 753 1350 satis
777 1301 823 1351 est
844 1292 965 1367 dixisse,
985 1290 1096 1351 creavit

256 1375 304 1436 die
326 1374 400 1452 tibi,
417 1393 464 1435 me
486 1377 598 1449 socium
618 1374 726 1451 longos
746 1375 898 1437 adstrinxit
917 1377 945 1435 in
965 1393 1065 1436 annos.

256 1459 362 1520 Nonne
380 1459 456 1520 haec
475 1459 622 1521 amborum
639 1461 777 1536 genetrix
798 1461 942 1540 altrixque
959 1460 1053 1520 videri

257 1541 375 1622 Digna?
416 1545 477 1605 Sed
497 1545 626 1622 ingratus
649 1545 697 1623 qui
717 1545 801 1624 plura
823 1546 946 1606 adnecto
964 1545 1080 1624 tuisque

256 1628 389 1689 Moribus
411 1628 551 1690 indubito.
595 1627 722 1705 Venies,
746 1630 895 1691 carissima
915 1631 1031 1705 coniux,
1160 1643 1167 1664 “
1209 1641 1261 1694 110

256 1714 494 1793 Praeveniesque
518 1716 612 1775 etiam.
653 1715 723 1776 Sine
743 1733 790 1774 me
813 1715 864 1777 tibi
883 1715 986 1776 ductor
1007 1733 1144 1794 aquarum

257 1798 353 1861 Tibris
375 1809 406 1860 et
429 1799 556 1860 armiferi
575 1799 736 1860 sordebunt
758 1809 837 1861 tecta
859 1800 979 1874 Quirini.
