3134 4434
575 462 776 513 nnunnrnos
795 463 864 512 nna.
881 464 928 513 vr.
1199 451 1257 517 131

261 618 357 678 Ludus
380 626 459 696 erat,
481 619 592 697 patriae
611 637 670 681 non
688 629 796 681 tantum
817 619 866 680 uhi
886 619 979 681 laudis
1001 619 1096 681 ohiret

262 704 369 780 Sacra,
392 702 447 764 sed
467 703 587 764 alternis
608 704 746 784 Alpheon
762 706 906 782 utrimque
927 702 1044 768 solebat
1142 722 1144 727 ·
1208 712 1259 769 675

264 786 360 848 Metiri
380 788 469 867 ripis,
492 796 522 848 et
541 805 597 868 qua
617 789 755 851 latissima
775 789 891 866 distant,

264 871 331 932 Non
350 891 483 952 umquam
503 890 600 932 merso
622 875 818 935 transmittere
839 872 953 938 flumina
969 870 1063 931 disco.

261 955 342 1034 Ergo
363 974 485 1036 operum
505 956 597 1018 fidens
618 976 675 1019 non
697 961 828 1038 protinus
851 956 969 1018 horrida
991 957 1085 1035 campi
1176 1008 1179 1013 .

260 1040 384 1118 Iugera,
409 1041 464 1102 sed
486 1042 573 1103 coelo
595 1042 727 1104 dextram
748 1038 881 1119 metitur,
904 1040 1039 1120 humique

260 1125 383 1186 Pressns
404 1135 528 1206 utroque
549 1146 627 1204 genu
649 1127 778 1189 collecto
802 1128 941 1204 sanguine
960 1124 1071 1185 discum
1208 1133 1260 1190 080

261 1209 329 1288 lpse
351 1228 440 1290 snper
461 1230 529 1272 sese
551 1221 627 1273 rotat
648 1222 735 1292 atque
757 1213 786 1272 in
807 1210 904 1271 nubila
927 1210 1034 1271 condit.

261 1292 315 1354 llle
339 1295 412 1355 citus
430 1295 552 1356 sublime
575 1298 647 1376 petit
668 1297 829 1376 similisque
848 1295 963 1356 uadenti

261 1376 377 1439 Crescit
397 1381 427 1439 in
448 1381 619 1458 adversum,
641 1382 817 1460 tandemque
835 1379 993 1441 exhaustus
1013 1377 1050 1445 ab
1072 1379 1133 1441 alto
1160 1446 1163 1451 ,

264 1461 389 1523 'lardior
409 1465 439 1523 in
461 1474 568 1525 terram
589 1465 664 1526 redit
682 1475 769 1544 atque
787 1465 957 1541 inmergitur
978 1464 1065 1525 arvis.

326 1550 377 1608 Sic
398 1550 490 1626 cadit,
512 1552 640 1612 attonitis
663 1551 798 1629 quotiens
819 1548 954 1611 avellitur
976 1548 1072 1624 astris,
1207 1557 1261 1614 685

261 1633 340 1694 Solis
363 1649 456 1712 opaca
478 1651 578 1704 soror;
602 1635 706 1714 procul
728 1634 894 1695 auxiliantia
916 1641 1022 1710 gentes

260 1719 341 1778 Aera
364 1727 484 1798 crepant
503 1718 668 1798 frustraque
688 1721 802 1779 timent:
826 1727 855 1779 at
872 1717 1014 1779 Thessala
1037 1718 1142 1779 victrix
1252 1766 1255 1771 .

261 1802 347 1862 Ridet
367 1802 536 1863 anhelantes
558 1805 655 1865 audito
674 1804 801 1865 carmine
822 1803 921 1880 bigas.

325 1884 498 1949 collaudant
518 1887 624 1959 Danai;
648 1889 779 1950 sednon
800 1888 852 1948 tibi
874 1886 964 1948 molle
986 1887 1078 1950 tuenti
1147 1928 1150 1933 -

260 1970 481 2052 Hippomedon,
504 1974 654 2053 maiorque
674 1992 774 2034 manus
796 1981 929 2052 speratur
951 1973 979 2031 in
1000 1987 1106 2050 aequo.
1207 1980 1260 2037 690

324 2055 420 2136 Atque
443 2057 485 2117 illi
506 2057 672 2137 extemplo,
697 2060 743 2118 cui
762 2075 833 2136 spes
854 2056 1013 2133 infringere
1036 2055 1122 2116 dulce
1178 2104 1181 2109 ,

259 2140 439 2217 Inmodicus,
454 2139 586 2203 'Fomuna
607 2144 697 2203 venit.
742 2140 818 2214 Quid
839 2140 952 2201 numina
975 2148 1077 2203 contra
1106 2186 1110 2191 ·

260 2224 395 2285 'lendere
421 2226 465 2286 fas
487 2223 629 2291 homini?¹
658 2226 789 2306 Spatium
810 2227 867 2286 iam
892 2225 1005 2284 inmane
1028 2223 1160 2304 parabat,

258 2310 319 2370 lam
341 2310 442 2370 cervix
461 2327 625 2388 conversa,
648 2319 678 2372 et
697 2312 754 2372 iam
776 2310 852 2370 latus
869 2327 954 2369 omne
974 2270 1104 2379 redibam

258 2394 377 2455 Excidit
398 2405 464 2456 ante
486 2395 580 2475 pedes
601 2396 733 2476 elapsum
756 2396 869 2472 pondus
889 2402 919 2456 et
940 2395 1015 2455 ictus
1185 2402 1260 2473 ,⁶9⁶

259 2478 397 2539 Destituit
418 2479 584 2560 frustraque
605 2499 719 2543 manum
741 2480 846 2541 dimisit
866 2480 990 2540 inanem.
1116 2550 1120 2557 ,

321 2562 494 2640 Ingemuere
516 2583 633 2642 omnes,
653 2567 787 2645 rarisque
806 2583 842 2626 ea
861 2565 924 2626 visa
945 2563 1092 2645 voluptas.

259 2647 330 2709 lnde
351 2649 387 2709 ad
406 2660 526 2711 conatus
547 2651 643 2713 timida
664 2652 741 2712 enhit
762 2659 825 2711 arte
846 2648 1035 2711 Menestheus

261 2731 397 2810 Castior,
423 2744 453 2795 et
472 2735 590 2796 multum
611 2745 658 2813 te,
680 2734 757 2796 hlaia
778 2744 862 2812 nate,
880 2743 985 2812 rogato

258 2816 345 2877 lllolis
369 2819 581 2896 praegravidae
602 2821 725 2897 castigat
744 2819 868 2898 pulvere
890 2818 1000 2897 lapsus.
1208 2821 1260 2879 700

257 2900 313 2961 Illa
333 2919 417 2961 manu
438 2920 541 2980 magna
559 2912 589 2963 et
610 2903 728 2963 multum
749 2902 865 2963 felicior
887 2903 958 2978 exit,
1091 2970 1094 2975 ,

258 2983 322 3045 Nec
345 2994 457 3064 partem
477 2987 612 3064 exiguam
633 2987 704 3047 circi
724 2995 889 3047 transvecta
912 2983 1032 3065 quievit.
1104 3016 1106 3021 <

258 3069 305 3130 Fit
325 3086 430 3148 sonus,
455 3081 483 3130 et
504 3071 562 3132 lixa
584 3071 713 3148 signatur
735 3080 813 3133 terra
833 3073 949 3149 sagitta.¹

323 3153 438 3215 l'ertins
455 3154 659 3236 Hippomedon
679 3156 776 3218 valida
796 3156 833 3217 ad
855 3154 1012 3217 certamina
1033 3153 1132 3216 tardos

258 3238 376 3299 hlolitnr
393 3259 530 3318 gressus;
550 3259 673 3320 namque
693 3242 772 3303 illum
796 3240 886 3303 corde
908 3239 962 3300 suh
981 3238 1041 3300 alto
1189 3245 1259 3304 ,tos

258 3323 297 3384 Et
319 3343 404 3385 casus
422 3324 571 3404 Phlegyae
592 3336 691 3387 monet
713 3336 742 3387 et
763 3326 878 3387 fortuna
900 3323 1073 3405 Menesthei.

258 3408 354 3487 Erigit
375 3419 520 3471 assuetum
543 3411 664 3472 dextrae
685 3421 853 3489 gestamen,
874 3419 905 3470 et
925 3409 985 3470 alte

259 3495 431 3554 Sustentans
451 3495 633 3576 rigidumque
656 3496 730 3558 latus
748 3496 901 3575 fortesque
922 3493 1051 3555 lacertos

259 3577 392 3639 Consulit
414 3597 449 3640 ac
471 3590 556 3642 vasto
579 3591 754 3660 contorquet
775 3580 904 3657 turbiue,
928 3588 958 3639 et
978 3580 1044 3658 ipsc

257 3663 462 3746 Prosequitur;
483 3665 557 3744 fugit
577 3665 725 3728 horrendo
747 3683 803 3745 per
821 3666 914 3726 inania
935 3663 1012 3725 saltu
1206 3665 1260 3720 lto

257 3747 375 3829 lamque
392 3749 497 3831 procul
518 3753 646 3815 meminit
667 3753 793 3817 dextrae
813 3758 980 3831 seruatque
991 3755 1141 3877 tenorgxp
