3134 4434
300 439 341 500 30
637 451 669 498 e.
691 449 826 497 nuruum
855 449 970 498 suurn

299 611 412 668 Saevus
431 615 460 666 et
481 605 595 667 intranti
614 605 742 687 populo:
763 606 819 666 iam
841 607 923 683 nigra
946 605 1073 666 tumebat

300 691 385 752 Colla
403 691 514 768 minax,
534 692 590 751 iam
612 709 714 771 sparsa
734 691 800 751 solo
825 691 993 751 turbaverat
1015 709 1093 766 ossa,

298 775 335 836 Ni
357 776 429 836 deus
450 775 618 836 horrentem
640 774 769 836 Lethaeo
793 776 897 836 vimine
919 775 1050 835 mulcens

299 860 408 922 Ferrea
426 861 591 938 tergemino
602 859 779 933 'domuisset'
794 860 899 937 lumina
919 877 1032 920 somno.

362 943 417 1005 Est
437 945 536 1022 locus,
556 943 693 1006 inachiae
717 945 851 1006 dixerunt
871 944 1001 1005 Taenara
1024 954 1140 1024 gentes,

299 1030 363 1106 Qua
383 1028 699 1091 formidatum-Maleae
718 1030 877 1110 spumantis
898 1030 1030 1090 inauras
1209 1039 1212 1043 ’

298 1115 322 1176 lt
342 1123 429 1194 caput
450 1123 480 1175 et
500 1114 596 1175 nullos
617 1114 738 1176 admittit
758 1113 882 1175 culmine
903 1114 993 1174 visus.

298 1203 362 1261 Stat
382 1199 512 1259 sublimis
535 1216 613 1279 apex
631 1207 797 1281 ventosque
815 1197 982 1278 imbresque
1006 1218 1128 1260 serenus

296 1284 448 1363 Despicit,
471 1292 501 1344 et
522 1292 630 1344 tantum
649 1285 738 1344 fessis
760 1283 891 1345 insiditur
914 1285 1009 1344 astris.

300 1369 377 1449 [lllic
397 1368 531 1429 exhausti
553 1386 680 1448 posuere
703 1368 810 1429 cubilia
831 1368 921 1444 venti,

297 1452 533 1531 Fulminibusque
555 1454 612 1514 iter
630 1463 689 1522 est;
708 1453 833 1514 medium
857 1471 928 1513 cava
950 1451 1047 1512 nubila
1068 1456 1173 1514 montis

297 1537 482 1617 insumpsere
503 1538 594 1613 latus,
614 1555 739 1598 summos
761 1557 818 1599 nec
841 1538 991 1617 praepetis
1013 1538 1078 1597 alae

298 1623 418 1683 Plausus
441 1622 499 1683 adit
522 1622 634 1700 colles,
655 1641 712 1684 uec
733 1630 821 1683 rauca
843 1622 966 1682 tonitrua
989 1622 1127 1700 pulsant]

297 1707 353 1767 Ast
374 1707 422 1766 nbi
443 1725 535 1786 prona
556 1708 636 1784 dies,
660 1707 766 1785 longos
785 1724 875 1786 super
896 1723 1027 1784 aequora
1049 1707 1122 1766 lines

297 1790 397 1869 Exigit
414 1801 501 1870 atque
522 1792 627 1869 ingene
645 1792 742 1852 medio
762 1800 841 1852 natat
857 1789 958 1851 umbra
977 1790 1132 1869 profundo.

362 1876 506 1936 interiore
527 1879 591 1936 sinu
609 1876 772 1954 frangentia
794 1876 879 1936 litora
902 1880 1001 1936 curvat

298 1960 464 2038 Taenaros,
488 1962 640 2040 expositos
661 1961 834 2022 nouandax
853 1959 994 2021 scandere
1016 1961 1131 2021 lluctus.

296 2045 362 2106 Illic
383 2045 508 2123 Aegaeo
523 2045 684 2125 Neptunus.
696 2047 812 2124 gurgite
834 2044 933 2105 fessos

296 2130 329 2190 ln
350 2140 465 2210 portum
486 2131 737 2211 deducit'equos,
761 2130 842 2211 prior
863 2129 957 2190 haurit
977 2147 1081 2190 arenas

296 2215 428 2294 Ungula,
452 2217 592 2295 postremi
615 2217 765 2277 solvuntur
786 2216 814 2275 in
836 2231 966 2294 aequora
987 2216 1096 2293 pisces.

297 2301 376 2376 Hoc,
400 2309 430 2359 ut
450 2300 544 2376 lama,
565 2301 633 2361 loco
655 2301 801 2381 pallentes
823 2299 924 2360 devius
945 2299 1061 2360 umbras

297 2385 417 2445 Trames
439 2387 499 2462 agit
518 2388 651 2464 nigrique
672 2386 751 2446 lovis
772 2403 864 2446 vacua
885 2385 957 2444 atria
980 2384 1050 2445 ditat

296 2468 456 2544 Mortibus,
479 2469 598 2530 Arcadii
620 2469 774 2549 perhibent
787 2470 820 2529 si
837 2486 909 2529 vera
933 2467 1041 2545 coloni,

296 2553 410 2613 Stridon
431 2553 470 2612 ibi
491 2563 520 2614 et
544 2555 671 2630 gemitus
695 2569 873 2632 poenarum,
895 2560 1018 2631 atroque
1039 2551 1157 2612 tumultu

295 2637 405 2698 Fervet
423 2656 510 2714 ager,
533 2656 625 2717 saepe
646 2636 836 2698 Eumenidum
857 2653 1009 2714 vocesque
1031 2654 1190 2715 manusque

295 2723 329 2784 ln
347 2723 472 2783 medium
489 2739 617 2783 sonuere
639 2722 734 2800 diem,
755 2721 868 2802 letique
887 2721 1023 2782 triformis

296 2808 404 2868 lunitor
426 2808 573 2886 agricolas
589 2809 705 2887 campis
727 2807 841 2868 auditus
861 2805 971 2884 abegit.

358 2891 420 2953 Hac
440 2902 470 2953 et
492 2901 561 2954 tuuc
579 2893 669 2954 lusca¹
683 2892 808 2953 volucer
828 2891 900 2953 deus
920 2891 1032 2952 obsitus
1055 2893 1155 2954 umbra
1185 2917 1191 2931 ·
1265 2908 1292 2920 ·’

294 2977 385 3038 Exilit
406 2977 442 3038 ad
464 2996 607 3057 superos,
628 2978 801 3057 infernaque
823 2976 920 3037 nubila
937 2977 1017 3038 vultu

294 3061 420 3122 Discutit
443 3072 473 3123 et
491 3064 566 3124 vivis
588 3061 732 3124 afflatibus
754 3079 807 3124 ora
829 3070 956 3123 serenat.

294 3144 366 3207 lude
388 3164 443 3224 per
463 3147 618 3209 Arcturum
636 3147 810 3226 mediaeque
831 3147 945 3208 silentia
964 3147 1049 3207 luune

294 3231 374 3290 Arva
392 3249 480 3310 super
498 3232 685 3312 populosque
704 3241 792 3293 meat.
836 3232 935 3311 Sopor
954 3231 1057 3292 obvius
1079 3232 1120 3291 illi

294 3315 397 3375 Noctis
420 3316 527 3393 agebat
547 3333 657 3394 equos,
679 3316 869 3397 trepidusque
893 3318 1019 3393 assurgit
1040 3317 1143 3377 honori
1262 3327 1298 3380 60

294 3399 426 3460 Numinis
449 3409 478 3460 et
501 3409 583 3461 recto
606 3400 724 3462 decedit
746 3402 836 3462 limite
857 3400 944 3461 coeli.

293 3485 419 3546 Inferior
438 3485 519 3545 volat
542 3485 642 3546 umbra
663 3486 738 3563 deo,
761 3495 977 3566 praereptaque
1000 3489 1094 3546 noscit

295 3569 397 3630 Sidera
416 3571 646 3650 principiumque
666 3573 728 3640 sui;
750 3571 866 3649 iamque
887 3571 976 3630 ardua
1000 3568 1129 3646 Cyrrhae

294 3654 494 3734 Pollutarnque
517 3673 569 3716 suo
591 3655 746 3734 despectat
764 3654 892 3716 Phocida
912 3653 1009 3715 busto.

357 3740 480 3802 Ventum
503 3750 567 3803 erat
584 3741 620 3803 ad
641 3739 773 3812 Thebas3
794 3741 904 3819 gemuit
926 3757 1021 3820 prope
1043 3741 1138 3801 limina
1158 3743 1216 3802 nati
1260 3752 1295 3805 65
