3134 4434
600 449 800 499 nemarcos
822 450 892 499 nnn.
909 450 964 503 111.
1238 437 1279 496 55

347 606 427 667 Haec
446 613 527 668 sator
548 615 698 672 astrorum.
710 606 874 668 iamdudum
895 624 912 666 e
933 604 1046 667 vertice
1065 604 1162 667 mundi
1193 660 1217 677 ,,

281 693 478 771 Prospectans
501 693 652 770 primoque
672 690 785 752 inbutas
804 692 943 769 sanguine
964 699 1081 767 gentes,
1115 750 1118 755 .

282 777 438 838 Gradivum
457 778 547 837 acciri
565 794 694 856 propere
716 775 806 838 iubet.
845 776 900 837 Ille
921 775 1052 836 furentes
1123 816 1136 823 ·-
1229 784 1282 839 220

280 861 432 939 Bistonas,
456 871 486 921 et
507 860 623 923 Geticas
644 862 800 940 populatus
822 859 960 923 caedibus
984 859 1083 935 urbes,
1175 919 1178 925 ,
1204 896 1207 901 -

283 944 427 1007 Turbidus
445 946 590 1008 aetherias
612 964 715 1007 currus
736 945 861 1023 urgebat
880 945 917 1007 ad
937 962 1034 1021 arces,
1078 984 1082 991 -

281 1029 414 1091 Fulmina
437 1031 584 1093 cristatum
603 1031 709 1109 galeae
732 1030 816 1091 iubar
837 1047 975 1109 armaque
995 1029 1023 1089 iu
1043 1045 1115 1089 auno

285 1113 407 1192 Tristia,
430 1116 565 1176 terrificis
584 1124 777 1176 monstrorum
798 1116 920 1177 animata
942 1115 1053 1192 liguris,
1084 1152 1087 1159 ·

282 1199 445 1261 Incutieus:
467 1210 548 1261 tonat
568 1218 624 1262 axe
646 1200 732 1280 polus
754 1200 902 1279 clipeique
924 1208 1043 1262 cruenta
1083 1258 1086 1265 ,
1231 1207 1282 1261 225

282 1285 346 1345 Lux
364 1283 465 1361 rubet,
489 1295 520 1346 et
539 1286 634 1347 solem
657 1284 834 1364 longe-ferit
853 1284 985 1346 aemulus
1007 1282 1097 1343 orbis.

280 1369 365 1431 Hunc
386 1370 435 1431 ubi
457 1371 633 1432 Sarmaticos
653 1371 804 1431 etiamnum
826 1369 928 1431 cidare
951 1368 1071 1431 labores

282 1454 413 1533 luppiter
431 1464 460 1515 et
478 1464 539 1516 tota
561 1454 710 1535 perfusum
731 1464 854 1535 pectora
871 1453 945 1515 beili

283 1539 472 1618 Tempestate
494 1541 590 1601 videt:
611 1539 708 1601 <Talis
725 1539 810 1616 mihi,
831 1548 916 1616 nate,
936 1557 993 1617 per
1014 1536 1125 1614 Argos,
1163 1598 1166 1603 .

282 1623 365 1685 Talis
388 1624 451 1700 abi,
473 1625 517 1684 sic
538 1643 610 1685 ense
627 1625 765 1701 madens,
783 1624 840 1687 hac
860 1622 976 1685 nubilus
997 1624 1050 1683 ira
1174 1664 1177 1669 -
1229 1629 1284 1687 230

282 1708 447 1769 Exturbent
467 1710 583 1771 resides
602 1709 721 1787 frenos,
744 1718 774 1772 et
795 1718 899 1777 cuncta
917 1708 1022 1788 perosi·
1067 1732 1070 1745 =
1116 1746 1121 1775 ;

283 1793 328 1853 Te
352 1795 483 1873 cupiant,
505 1794 557 1855 tihi
579 1795 758 1874 praecipites
779 1796 947 1874 animasque
967 1810 1126 1872 manusque
1157 1846 1161 1851 .

280 1878 472 1956 Devoveaut,
494 1897 567 1958 rape
588 1888 757 1941 cunctantes
779 1888 810 1940 et
831 1879 954 1941 foedera
976 1877 1072 1954 turba,

281 1962 366 2036 Quae
387 1962 533 2040 dedimus,
555 1964 608 2025 tibi
628 1963 674 2024 ias
693 1965 775 2044 ipsos
795 1964 954 2043 incendere
975 1962 1057 2023 bello

282 2044 452 2108 Coelicolas
471 2066 633 2128 pacemque
655 2066 757 2109 meam.
801 2048 867 2109 larn-
881 2049 995 2108 semina-
1011 2060 1127 2126 pugnae
1229 2052 1281 2107 235

282 2131 351 2211 lpse
373 2132 455 2201 dedi;
478 2142 588 2194 remeat
608 2140 729 2212 portans
750 2133 872 2193 inmania
894 2132 1012 2207 Tydeus

282 2217 363 2278 Ausa
384 2217 482 2294 ducis,
504 2217 605 2278 scelus
627 2226 657 2277 et
678 2219 770 2296 turpis
792 2216 950 2297 primordia
970 2214 1053 2292 belli,

283 2301 405 2362 Insidias
425 2301 618 2382 fraudesque,
642 2302 702 2362 suis
725 2320 798 2381 quau
813 2301 893 2362 ultus
916 2302 945 2361 iu
964 2303 1062 2361 armis.

349 2386 451 2447 ‘Adde
474 2386 570 2448 fidem.
611 2386 674 2447 Vos
696 2403 715 2446 o
736 2387 853 2466 superi,
871 2403 954 2451 meus
973 2385 1075 2447 ordine
1103 2383 1231 2464 sanguis,

284 2471 329 2532 Ne
354 2481 481 2552 pugnate
504 2472 595 2548 odiis,
617 2490 674 2533 neu
696 2488 743 2533 me
766 2481 908 2551 temptare
929 2470 1078 2551 precando
1230 2475 1283 2533 240

285 2555 428 2617 Gertetis:
449 2558 493 2618 sic
514 2557 573 2618 iata
594 2557 662 2617 mihi
682 2558 844 2637 nigraeque
865 2574 1000 2618 sororum

282 2642 421 2703 iuravere
445 2641 543 2711 coius;
565 2651 662 2703 manet
682 2642 759 2703 haec
778 2642 815 2703 ab
836 2643 950 2721 origiue
968 2641 1067 2705 mundi

283 2726 356 2786 Fixa
376 2726 439 2788 dies
460 2726 540 2788 bello
565 2726 724 2807 populique
744 2727 773 2787 in
794 2727 908 2806 proelia
924 2729 995 2793 uati.

285 2808 362 2883 Quid
383 2811 413 2868 ni
433 2828 479 2869 me
500 2820 632 2871 veterum
650 2828 761 2889 poenas
781 2813 897 2872 sancire
917 2811 1059 2872 malorum

286 2892 425 2954 Gentibus
447 2903 476 2953 et
498 2894 579 2955 diros
593 2896 686 2955 sinitis
712 2896 815 2974 punire
835 2892 981 2974 nepotes?
1230 2901 1282 2957 245

284 2977 394 3039 Arcem
413 2977 487 3038 hanc
506 2986 654 3039 aeternam
662 2992 676 3054 ,·
694 2980 799 3056 mentis
818 2979 944 3041 sacraria
966 2987 1097 3054 nostrae,

285 3062 393 3123 Testor
414 3072 442 3122 et
461 3060 581 3137 Elysios
603 3062 689 3123 etiam
709 3063 778 3123 mihi
796 3064 910 3124 numina
930 3063 1039 3139 iontes,
1101 3094 1115 3125 .-

283 3147 353 3227 lpse
375 3166 459 3209 manu
480 3146 598 3208 Thebas
619 3155 814 3227 correptaque
832 3148 947 3210 moenia
966 3147 1055 3210 fando

285 3232 436 3293 Excutiam
457 3249 619 3311 versasque
641 3231 707 3294 soto
725 3250 815 3312 super
835 3232 943 3295 Inaeha
960 3241 1040 3295 tecta

285 3316 436 3380 Effundam
458 3326 570 3393 turres,
593 3335 629 3378 ac
646 3327 748 3396 stagna
766 3318 796 3379 in
817 3317 935 3379 caerula
955 3327 1066 3379 vertam
1230 3327 1283 3380 nto

285 3400 381 3462 Imbre
402 3403 591 3482 superiecto,
613 3400 684 3463 licet
700 3403 764 3482 ipsa
783 3403 814 3463 in
833 3403 948 3464 turbine
967 3420 1064 3463 rerum

284 3486 356 3547 luno
379 3504 448 3547 suos
471 3486 564 3548 colles
585 3486 782 3566 templumque
804 3487 938 3567 amplexu
955 3487 1097 3549 laboret?

349 3570 445 3649 Dixit,
468 3581 498 3632 et
520 3573 632 3634 attoniti
653 3574 759 3650 iussis,
780 3572 914 3635 mortalia
935 3573 1040 3635 credas

284 3657 426 3733 Pectora,
450 3658 493 3717 sic
513 3659 609 3719 cuncti
629 3675 793 3738 vocemque
815 3661 984 3737 animosque
1006 3655 1152 3719 tenebant.

283 3739 349 3801 Non
372 3760 459 3803 secus
480 3759 516 3805 ac
536 3742 625 3822 longa
646 3752 797 3805 ventorum
816 3761 891 3827 pace
909 3744 1042 3807 soiutum
1232 3746 1296 3797 *ἢ
