3134 4434
568 475 769 526 smarnos
788 477 858 525 mn.
874 477 923 527 tx,

321 631 401 692 'lulla
425 632 555 692 cernenti
575 633 651 700 mitis
671 632 748 694 subit
771 632 831 694 alta
848 632 960 693 Dianae

257 715 352 778 Corda
372 716 473 791 dolor,
496 716 624 795 lletuque
645 735 738 794 genas
759 717 883 778 violata:
907 716 1028 791 ιΩιιοιί,
1048 717 1149 796 lnquit,
1274 721 1276 725 ”

259 801 340 862 Nunc
359 801 427 877 tibi,
450 800 528 879 quod
549 801 600 862 leti
622 819 760 882 quaeram
781 802 837 863 dea
856 801 912 862 lida
933 801 1089 881 propInqui

256 883 419 964 Effugium?
440 885 553 945 haecne
574 886 651 948 ultro
672 887 838 966 properasti
859 886 895 948 ad
916 885 1048 966 proelia,
1067 903 1159 947 suere
1200 893 1253 951 715

257 971 302 1031 Ao
321 970 484 1045 miserande
506 967 599 1049 puer?
622 972 710 1033 cruda
733 971 789 1031 hou
810 970 976 1050 festinaque
994 972 1085 1031 vlrtus

258 1056 353 1116 Suasit
375 1063 405 1114 et
424 1055 565 1115 hortatrix
586 1056 707 1115 ammoni
727 1056 823 1132 gloria
842 1055 904 1116 leti,

259 1139 379 1200 Scilicet
400 1148 552 1216 angustum
572 1140 733 1201 iamdudum
751 1140 922 1218 urgentibus
944 1139 1025 1200 aunis

256 1222 428 1283 Maenalium
449 1223 519 1299 tihi,
539 1241 647 1302 parve,
670 1241 788 1302 nemus,
809 1242 922 1303 perque
943 1232 1024 1285 antra
1041 1223 1168 1285 ferarum

256 1308 315 1367 Vix
335 1315 412 1368 tutae
433 1308 496 1368 siue
513 1317 605 1369 matre
626 1310 709 1384 riae,
732 1309 877 1369 silvestria
899 1309 981 1369 cuius
1200 1315 1253 1371 tao

256 1391 389 1453 Nondum
407 1391 466 1452 tela
489 1410 600 1471 procax
621 1410 778 1473 arcumque
800 1393 914 1471 Inplere
931 1393 1062 1454 valebas.

259 1475 298 1537 lIt
316 1494 393 1536 nunc
413 1475 462 1537 illa
483 1494 562 1536 meas
580 1479 726 1554 ingentem
747 1477 860 1556 plangit
880 1477 916 1538 ad
938 1495 1003 1539 aras

258 1559 395 1620 Invidiam
416 1560 575 1639 surdasque
597 1560 679 1621 fores
700 1570 731 1622 et
753 1561 849 1622 limIna
872 1562 973 1623 lassat.
1052 1593 1056 1600 ·

259 1643 301 1704 'lu
324 1644 425 1706 dulces
445 1645 532 1705 lituos
556 1645 722 1726 ululataque
744 1646 858 1725 proelia
874 1648 986 1724 gaudes

257 1727 342 1789 Folia
363 1738 393 1789 et
413 1731 536 1790 miserae
558 1739 665 1791 tantum
687 1731 817 1810 periture
838 1732 973 1810 parenti?
1201 1736 1253 1792 775

256 1812 302 1873 Ne
322 1822 417 1875 tamen
436 1824 568 1875 extremo
591 1814 696 1877 frustra
714 1817 865 1877 morientis
884 1816 989 1877 honori

257 1898 396 1974 Adaeum,
419 1900 497 1959 venit
516 1899 545 1958 iu
564 1899 678 1961 medios
699 1899 825 1978 callgIne
841 1900 922 1963 iulva

257 1984 348 2062 Septa
367 1982 493 2060 globos,
516 1985 695 2064 primumque
717 1983 800 2045 leves
821 1985 915 2046 iurata
934 1985 1056 2062 sagittas

255 2067 385 2129 Audacia
406 2076 491 2145 tergo
513 2069 597 2147 puori
616 2068 796 2129 coelestibus
817 2069 910 2148 inplet

258 2150 389 2227 Cotyton
410 2152 493 2228 telis,
518 2168 638 2233 quorum
658 2154 722 2213 sine
744 2155 885 2230 sanguiue
906 2152 1015 2214 nullum
1199 2157 1252 2214 737)

256 2235 375 2315 Effugit.
422 2235 578 2298 Ambrosio
599 2246 668 2298 tunc
688 2239 800 2316 spargit
820 2237 949 2298 membra
970 2236 1096 2316 liquore,

257 2321 377 2399 spargit
396 2340 517 2401 equum,
537 2340 574 2382 uo
596 2338 653 2400 quo
675 2331 833 2382 temeretur
851 2322 973 2383 uulnere
996 2338 1105 2400 corpus

256 2405 333 2466 Ante
354 2424 473 2482 necem,
495 2415 655 2486 cantusque
676 2423 778 2467 sacros
796 2416 827 2468 et
849 2408 965 2468 conscia
985 2407 1089 2467 miscet

256 2488 417 2568 Murmura,
441 2493 565 2566 secretis
586 2510 662 2571 quae
686 2488 843 2553 Colchidas
864 2493 929 2571 Ipsa
947 2491 1001 2553 sub
1024 2491 1112 2551 antris

256 2573 352 2635 Nocte
373 2576 461 2637 docet
478 2586 675 2656 monstratque
694 2575 773 2637 feras
792 2576 999 2656 quaerentibus
1021 2574 1138 2637 herbas·
1200 2582 1251 2639 tao

321 2658 401 2721 Tunc
417 2679 490 2722 vero
512 2670 615 2722 exerto
635 2661 825 2723 olrcumuolut
842 2663 946 2739 lgneus
964 2678 1044 2737 arou,

255 2744 320 2805 Nec
341 2763 373 2804 se
395 2755 490 2806 mente
510 2748 587 2823 regit
608 2746 720 2824 patriae
742 2747 899 2824 matrisque
920 2748 1025 2824 suique

256 2829 415 2905 Inmemor,
438 2838 468 2889 et
485 2830 600 2894 nimium
617 2829 798 2890 coelestibus
819 2832 906 2891 utitur
926 2830 1023 2891 armis.

256 2912 295 2973 Ut
315 2912 379 2988 leo,
400 2915 446 2972 cui
465 2929 557 2992 paruo
581 2923 673 2974 mater
695 2911 817 2975 Gaetula
840 2923 976 2975 cruentos

257 2998 396 3075 Suggerit
416 2997 480 3076 ipsa
499 2996 601 3072 cibos,
623 3014 710 3075 quum
732 2998 852 3076 prImum
873 3015 1013 3059 crescere
1032 2997 1124 3059 sensit
1198 3004 1250 3061 tto

258 3080 344 3142 Colla
362 3079 436 3141 iubis
457 3090 615 3160 toruosque
634 3098 728 3141 nouos
749 3083 881 3160 respexit
898 3082 935 3143 ad
956 3100 1078 3160 ungues,

256 3166 423 3244 Indignatur
440 3166 494 3241 ali,
517 3165 690 3245 tandemque
712 3166 823 3227 offusus
845 3175 963 3246 apertos

256 3250 342 3311 Liber
360 3259 433 3311 amat
455 3267 574 3330 campos
596 3260 626 3311 et
647 3251 741 3311 nescit
760 3252 790 3311 in
811 3261 893 3312 antra
913 3253 1032 3315 reverti.

258 3333 355 3411 Quos,
375 3353 448 3412 age,
466 3334 619 3397 Parrhasio
640 3336 762 3412 sternis,
779 3338 857 3416 'puer
875 3335 1015 3414 inprobe,
1038 3334 1150 3401 cornu?

255 3417 348 3480 l’rIma
370 3417 569 3498 Tanagraeum
590 3419 715 3480 turbavit
734 3421 850 3483 arundo·
867 3418 1051 3485 Choroebunr
1197 3428 1249 3486 tte

254 3502 394 3564 Extremo
416 3505 520 3583 galeae
543 3505 695 3584 palmaque
713 3505 742 3564 in
762 3505 893 3582 margine
914 3524 1041 3586 parmae»

255 3587 387 3665 Angusta
405 3589 571 3650 transmissa
592 3590 657 3665 uia,
677 3597 734 3653 stat
754 3589 887 3652 faucibus
908 3592 983 3654 unda

256 3674 425 3751 SangnInIr,
449 3682 479 3735 et
500 3674 577 3736 sacri
597 3673 691 3739 troes
711 3673 797 3735 rubet
816 3676 885 3752 igne
905 3676 1021 3737 veneni,

317 3759 439 3819 Saenius
455 3756 613 3836 Eurytion,
635 3760 682 3821 cui
700 3758 814 3823 lammis
831 3759 906 3823 orbe
924 3761 1041 3824 sintatro
