3134 4434
314 455 375 518 210
645 469 678 516 1’.
705 467 842 517 naemu
860 467 982 518 suurn

314 621 447 692 Obtinet;
470 623 590 684 interius
609 632 717 686 tectum
737 625 767 685 iu
788 623 988 706 penetralibus
1012 625 1090 688 altis

314 709 440 771 Etcum
459 706 555 769 llorte
578 709 670 787 iacet,
695 710 826 789 nullique
849 727 884 770 ea
904 710 995 771 tristis
1019 711 1161 794 imago.)
1283 728 1316 782 lot

314 794 384 873 lpse
405 801 518 870 autem,
541 811 651 855 vacuus
673 796 766 872 curis,
789 795 935 856 humentia
957 794 1070 857 subter

314 879 406 940 Antra
430 878 597 958 soporifero
620 879 744 957 stipatos
764 879 839 941 flore
860 888 975 959 tapetas

315 962 451 1032 lucubat;
475 962 610 1025 exhalant
629 973 729 1024 vestes
752 973 783 1024 et
806 982 932 1044 corpore
954 963 1048 1042 pigro

316 1051 413 1111 Strata
432 1048 544 1124 calent,
567 1065 715 1128 supraque
737 1058 831 1109 torum
849 1051 933 1127 niger
954 1048 1041 1110 efflat
1060 1051 1185 1117 anhelo

317 1131 377 1194 Ore
397 1151 505 1213 vapor;
526 1150 627 1194 manus
645 1132 719 1194 haec
740 1134 823 1194 lusos
844 1152 862 1194 a
881 1142 1016 1212 tempore
1041 1134 1144 1197 laevo
1285 1155 1316 1209 nu

316 1221 466 1280 Sustentat
487 1219 601 1294 crines,
622 1216 699 1278 haec
719 1236 811 1279 cornu
831 1217 922 1279 oblita
942 1219 1069 1279 remisit.

317 1303 444 1382 [Adsunt
463 1303 612 1362 innumero
634 1302 743 1363 circum
760 1321 838 1381 vaga
859 1303 970 1364 somnia
989 1303 1089 1382 vultu,

316 1388 397 1448 Vera
418 1386 502 1448 simul
523 1386 605 1447 falsis
627 1389 828 1467 permixtaque
851 1388 943 1449 tristia
961 1386 1094 1449 blandis.

317 1472 421 1533 Noctis
441 1489 534 1552 opaca
556 1471 664 1532 cohors
683 1471 873 1552 trabibusque
895 1480 943 1533 aut
962 1473 1108 1550 postibus
1133 1476 1272 1558 haerent,

318 1557 378 1618 hut
399 1557 505 1618 tellure
529 1557 640 1627 iacent:
663 1558 775 1634 tenuis,
800 1559 848 1636 qui
871 1556 973 1617 circuit
996 1556 1111 1637 aulam,
1285 1576 1316 1630 ut

316 1640 523 1721 luvalidusque
543 1642 620 1701 nitor
641 1633 811 1721 primosque
832 1642 976 1702 hortantia
997 1658 1129 1706 somnos

317 1726 466 1804 Languida
485 1725 630 1787 succiduis
651 1729 787 1805 expirant
806 1726 911 1787 lumina
933 1725 1084 1807 dammim]

381 1810 445 1871 lluo
464 1828 497 1870 se
518 1810 656 1871 caeruleo
677 1810 792 1872 libravit
814 1811 850 1872 ab
872 1810 991 1872 aethere
1013 1812 1106 1890 virgo

318 1895 474 1974 Discolor,
497 1894 638 1972 effulgent
656 1895 765 1972 silvae,
788 1896 1005 1975 tenebrosaque
1026 1894 1154 1980 Tempe

318 1980 455 2042 Amisere
474 1980 567 2057 deae,
589 1980 719 2041 ethonis
742 1979 906 2042 lucentibus
928 1982 985 2040 icta
1287 1997 1319 2050 υ]

319 2064 447 2144 Evigilat
468 2065 584 2135 domus;
607 2067 673 2144 ipse
693 2073 789 2126 autem
810 2084 866 2126 uec
889 2063 1023 2144 lampade
1046 2065 1149 2147 clara,

319 2149 384 2210 Nec
403 2151 514 2228 souitu,
536 2168 592 2211 nec
614 2168 690 2211 voce
711 2150 785 2211 deae
807 2150 960 2229 perculsus
980 2149 1092 2211 eodem

320 2234 404 2296 llore
426 2235 519 2312 iacet,
543 2234 638 2295 donee
657 2235 757 2296 radios
778 2234 979 2295 Thaumantias
1000 2251 1109 2296 omnes

320 2318 428 2399 Inpulit
446 2323 534 2399 inque
554 2319 657 2380 oculos
678 2320 794 2400 penitus
815 2319 968 2380 descendit
987 2318 1115 2380 inertes.

322 2404 404 2465 Tunc
425 2406 469 2464 sic
491 2421 558 2464 orsa
580 2403 662 2482 loqui
680 2403 841 2465 nimborum
861 2403 940 2464 iulva
960 2406 1110 2467 creatrix:
1289 2419 1321 2476 lh

386 2490 536 2550 ‘Sidonios
556 2497 586 2549 te
608 2488 679 2549 luno
699 2489 807 2566 duces,
829 2489 978 2549 mitissime
1000 2487 1104 2550 divum

323 2577 449 2650 Somne,
470 2572 551 2633 iubet
571 2574 770 2653 populumque
789 2575 880 2633 trucis
902 2571 1034 2648 deligere
1057 2571 1185 2656 Cadmi,

324 2659 380 2734 Qui
402 2676 478 2718 nune
498 2666 604 2718 eventu
625 2657 696 2719 belli
717 2657 891 2719 tumefactus
908 2655 1059 2740 hohaeum

322 2743 452 2822 Pervigil
473 2750 605 2804 asservat
626 2742 733 2803 vallum
754 2752 785 2804 et
802 2751 851 2803 tua
871 2743 951 2802 iussa
969 2751 1102 2803 recusat.

226 2904 228 2909 Ι
321 2829 367 2891 lla
385 2827 524 2910 precibus
541 2827 644 2905 tantia,
668 2863 706 2872 —
724 2845 791 2890 rara
806 2835 852 2888 est
863 2826 921 2887 hoc
936 2843 1027 2907 posse
1042 2826 1201 2913 facultas,
1228 2872 1266 2882 -
1291 2843 1325 2901 lm

322 2915 528 2994 Placatumque
550 2911 650 2973 lovem
668 2912 771 2973 dextra
789 2911 899 2972 lunone
916 2915 1056 2971 merere?

386 2998 481 3075 Dixit,
509 3007 539 3060 et
558 2998 735 3078 increpitans
753 2998 919 3075 languentia
938 3003 1061 3074 pectora
1085 2997 1217 3083 dextra,

322 3082 368 3144 Ne
387 3093 510 3164 pereant
526 3089 635 3159 vocee3
657 3085 820 3161 iterumque
841 3083 1002 3160 iterumque
1022 3084 1187 3149 mouebat.

323 3168 378 3230 llle
399 3169 473 3230 deae
493 3169 581 3228 iussis
601 3166 719 3229 dubium
739 3169 916 3246 mixtumque
938 3165 1040 3244 sopori

323 3253 445 3323 Annuit;
470 3252 586 3313 excedit
603 3252 721 3331 gravior
740 3251 919 3330 nigrantibus
943 3250 1032 3311 antris
1293 3269 1327 3325 mt

324 3338 379 3399 lris
401 3347 431 3399 et
453 3337 585 3398 obtusum
605 3337 695 3397 multo
716 3336 800 3397 iubar
821 3337 930 3397 excitat
950 3334 1042 3395 imbri.
1143 3344 1146 3350 “

324 3422 393 3500 lpse
415 3439 531 3502 quoque
553 3430 582 3481 et
601 3421 752 3482 volucrem
769 3439 904 3499 gressum
926 3429 957 3480 et
975 3427 1102 3482 ventosa
1126 3426 1241 3493 citavit

325 3507 490 3588 Tempora,
514 3515 543 3566 et
563 3505 681 3567 obscuri
703 3508 843 3566 sinuatam
865 3506 977 3582 frigore
997 3504 1075 3566 coeli

324 3591 450 3671 Inplevit
470 3591 666 3668 chlamydem,
687 3592 835 3669 tacitoque
855 3608 910 3669 per
932 3588 1052 3651 aethera
1075 3609 1175 3658 cursu

324 3675 429 3737 Fertur
449 3685 480 3737 et
497 3675 600 3736 houiis
621 3675 710 3754 louge
729 3677 828 3754 gravis
849 3675 967 3735 inminet
988 3675 1076 3735 arvis.
1295 3693 1331 3748 lit

317 3761 404 3825 Illius
421 3780 492 3825 aura
517 3760 584 3826 solo
606 3760 748 3826 volucres
769 3759 965 3843 pecudesque
981 3759 1130 3834 ternaque
