3134 4434
287 451 346 516 184
626 462 658 511 r.
676 462 809 511 aaaron
830 461 945 511 suurn

285 621 375 683 'lecta
396 617 508 696 libens,
534 617 610 679 unde
632 617 707 680 haud
728 618 802 679 alius
822 625 1000 692 remeasset,
1023 617 1133 697 adisti,

285 704 347 767 Ceu
369 704 480 766 tibimet
500 713 617 783 sceptra
637 713 668 764 et
689 705 826 782 proprios
847 703 957 764 laturus
978 701 1130 764 honores.

283 792 343 853 lam
363 789 521 851 Telamona
540 791 634 868 pium,
660 790 716 854 iam
736 788 852 848 Thesea
873 788 949 847 lama
968 786 1103 848 tacebat.
1173 825 1176 831 ·

285 875 386 950 Qualis
408 883 436 933 et
459 891 532 934 ecce
550 871 651 934 iaces?
674 891 749 953 quae
769 874 890 953 primurn
911 873 1033 932 vulnera
1056 873 1182 937 mirer?

286 960 357 1034 Quis
369 969 434 1019 tuus
444 957 508 1034 hic,
531 959 595 1037 quis
606 957 643 1018 ab
655 958 740 1019 hoste
754 954 862 1018 cruori
885 975 959 1035 quae
971 966 1000 1017 te
1013 959 1139 1035 agmina
1155 963 1251 1041 quive
1271 973 1302 1029 to

284 1043 426 1105 Innumeri
448 1053 579 1102 stravere
601 1040 705 1120 globi?
726 1044 755 1102 ui
775 1042 879 1118 fallor,
901 1050 930 1102 et
952 1044 1016 1120 ipse

283 1130 387 1190 Invidit
408 1136 508 1207 pater,
531 1137 560 1188 et
581 1135 642 1188 tota
662 1126 740 1188 Mars
763 1127 864 1206 inpulit
887 1128 992 1188 hasta’

348 1215 398 1274 Sic
417 1214 472 1290 ait,
496 1222 526 1272 et
546 1229 682 1272 moerens
704 1215 854 1273 etiamnum
877 1211 989 1272 lubrica
1009 1211 1082 1272 tabo

285 1298 343 1360 Ora
364 1299 420 1358 viri
440 1297 528 1375 tergit
549 1296 676 1358 lacrimis
698 1298 887 1375 dextramque
910 1297 1036 1376 reponit.

285 1383 385 1444 ‘'l'uue
406 1399 488 1443 meos
512 1382 613 1442 hostes
634 1381 784 1460 hucusque
808 1399 932 1456 exosus,
957 1389 985 1441 et
1007 1381 1085 1442 ultra
1273 1397 1302 1454 75

285 1470 397 1547 Sospes
419 1464 518 1546 egol’
553 1465 683 1528 Exuerat
704 1468 808 1544 vagina
828 1465 958 1527 turbidus
980 1484 1085 1527 ensem

284 1552 469 1633 Aptabatque
490 1553 571 1629 neci,
594 1553 715 1614 comites
738 1561 874 1627 tenuere,
898 1567 1043 1628 socerque

286 1637 417 1715 Castigat
436 1635 569 1715 bellique
590 1639 673 1697 vices
695 1655 730 1698 ac
751 1637 811 1697 fata
830 1636 987 1696 revolvens

285 1723 402 1784 Solatur
422 1720 572 1797 tumidum,
595 1721 743 1800 longeque
765 1739 782 1782 a
805 1738 931 1799 corpore
954 1737 1022 1780 caro

284 1806 437 1881 Paulatim,
458 1805 533 1884 nude
555 1805 640 1866 dolor
659 1805 770 1885 letique
793 1807 921 1867 animosa
942 1805 1090 1881 voluntas,
1267 1822 1301 1876 8⁰

283 1892 410 1952 Amovet
431 1908 473 1951 ac·
488 1891 577 1950 tacite
600 1890 709 1951 ferrum
730 1893 804 1951 inter
825 1892 917 1952 verba
936 1889 1063 1970 reponit.

283 1977 405 2037 Ducitur
422 1976 528 2034 amisso
550 1975 644 2054 qualis
666 1985 803 2037 consorte
825 1975 957 2036 laborum

283 2061 402 2122 Deserit
423 2061 566 2139 inceptum
588 2062 682 2122 media
704 2063 778 2121 iuter
801 2062 902 2138 iugera
923 2060 1034 2135 sulcum

285 2145 395 2206 Taurus
416 2148 495 2205 iners
517 2145 656 2225 colloque
677 2146 775 2223 iugum
797 2145 927 2206 deforme
950 2147 1075 2206 remisso

283 2230 368 2291 Parte
389 2230 489 2306 trahit,
510 2240 621 2308 partem
642 2231 794 2291 lacrimans
815 2240 955 2291 sustentat
973 2239 1080 2290 arator.
1264 2243 1299 2300 35

346 2313 428 2375 Ecce
448 2325 542 2375 autem
563 2316 693 2376 hortatus
713 2315 862 2392 Eteoclis,
886 2325 915 2376 et
939 2333 1016 2376 arma
1036 2317 1148 2394 secuti,

282 2399 372 2460 Lecta
393 2418 508 2476 manus,
529 2401 666 2476 iuvenes,
689 2417 762 2479 quos
784 2418 839 2459 nec
860 2399 989 2460 Tritonia
1010 2398 1105 2476 hello,

282 2484 347 2546 Nec
369 2501 463 2564 prope
488 2485 594 2545 collata
614 2487 776 2563 sprevisset
797 2486 918 2564 cuspide
937 2484 1066 2560 Mavors,

283 2570 463 2638 Adventant;
492 2578 592 2629 contra
615 2569 741 2630 collecta
762 2579 793 2630 ut
811 2579 934 2648 pectora
955 2586 1073 2651 parmae

282 2653 401 2714 Fixerat
421 2662 507 2731 atque
528 2653 640 2714 hastam
662 2654 750 2732 longe
773 2655 978 2733 protenderat,
1001 2653 1106 2714 haeret
1262 2668 1297 2725 9ο

283 2737 399 2798 Arduus
419 2736 639 2818 Hippomedou;
663 2757 717 2799 ceu
738 2739 873 2799 lluctibus
895 2739 981 2800 obvia
1002 2755 1102 2816 rupes,

285 2822 339 2884 (lui
360 2841 465 2901 neque·
479 2824 515 2884 de
538 2823 624 2885 coelo
645 2833 739 2884 metus
762 2833 791 2884 et
815 2824 908 2885 lracta
929 2840 1057 2902 aequora
1081 2824 1211 2905 cedunt,

283 2909 347 2969 Stat
368 2910 479 2969 cunctis
500 2910 606 2970 inmota
627 2909 726 2985 minis,
748 2910 829 2969 timet
850 2910 914 2988 ipse
936 2910 1080 2986 rigentem

282 2994 408 3069 Pontus,
432 3003 519 3054 etex
540 2994 599 3054 alto
622 2995 746 3054 miserae
768 3011 879 3054 novere
902 2995 1028 3054 carinae.

347 3076 426 3137 Tunc
438 3079 518 3157 prior
529 3078 660 3138 Aonides
671 3113 713 3124 —-
722 3079 845 3138 validam
857 3079 940 3138 simul
954 3079 1033 3139 elicit
1044 3077 1164 3140 hastam
1177 3106 1239 3144 -ε
1262 3093 1296 3149 tto

284 3161 367 3223 ‘Non
387 3162 477 3242 pudet
496 3163 551 3224 hos
572 3161 689 3239 Manes,
711 3163 786 3223 haec
807 3165 971 3224 infamantia
993 3162 1104 3223 bellum

282 3247 396 3308 Funera
420 3248 463 3308 dis
486 3265 584 3308 coram
605 3257 634 3308 et
656 3247 743 3308 coelo
763 3249 943 3327 inspectante
966 3243 1064 3308 tueri?

283 3332 404 3393 Scilicet
425 3333 563 3410 egregius
586 3333 674 3393 sudor
695 3333 938 3411 memorandaque
959 3334 1051 3392 virtus

282 3417 363 3478 Hanc
382 3417 523 3477 tumulare
543 3415 655 3478 ieram?
677 3436 714 3477 ne
736 3436 794 3477 non
816 3416 1012 3479 moerentibus
1033 3417 1135 3494 Argos

282 3501 423 3581 Exequiis
445 3500 637 3563 lacrimandus
658 3502 719 3563 eat!
743 3503 883 3582 mollique
904 3502 1015 3562 feretro
1247 3521 1301 3575 100

282 3585 429 3647 Infandam
452 3586 580 3647 eiectans
600 3585 730 3662 saniem?
758 3588 888 3649 dimittite
909 3604 1015 3648 curam.

282 3669 387 3731 Nullae
407 3670 486 3732 illurn
508 3671 661 3748 volucres,
686 3673 765 3734 nulla
785 3673 863 3751 inpia
883 3681 1012 3732 monstra
1033 3687 1090 3729 neo
1112 3671 1199 3755 ipse,

273 3756 313 3817 si
329 3755 446 3838 demus,
468 3756 536 3842 pius
558 3756 635 3840 ignis
657 3756 745 3820 edat?
785 3756 856 3818 nec
874 3757 981 3836 plura,
997 3755 1055 3813 sed
1069 3755 1187 3829 iugens
