3134 4434
307 437 368 501 244
638 453 670 499 r.
693 453 827 500 ruamur
846 453 969 502 suurn

306 610 476 673 Umbrarum
499 616 598 668 custos
617 609 772 688 mundique
792 612 970 672 uomssimus
995 613 1115 677 heres.

307 696 426 770 Palluit,
448 694 553 754 amisso
573 695 695 754 veniens
712 696 742 754 in
760 704 867 756 tartara
888 697 995 759 coelo.

369 779 435 840 Nou
453 788 549 839 tamen
566 778 683 839 indulsit
703 797 835 858 pugnae,
857 790 1068 864 cunctataque
1092 788 1192 866 primo

308 866 441 928 Substitit
460 864 625 925 inscelere
646 873 675 924 et
696 866 813 944 paulum
834 865 949 926 fortuna
970 879 1102 933 morata
1125 882 1184 935 est.

306 951 356 1011 Bis
379 968 482 1011 cassae
503 951 620 1029 periere
639 952 722 1027 viae,
745 949 790 1010 bis
811 951 941 1010 cominus
964 962 1063 1015 actos

304 1036 420 1097 Avertit
438 1035 530 1095 bouus
553 1051 636 1094 error
657 1051 765 1112 equos,
788 1052 938 1114 puraeque
963 1038 1098 1101 nefandi

307 1122 459 1199 Sanguinis
481 1119 607 1198 obliquis
628 1120 798 1180 cecideruut
817 1118 922 1179 ictibus
944 1119 1070 1185 hastae.

307 1205 438 1267 Tendunt
459 1205 540 1265 irena
562 1222 645 1264 mauu
666 1213 696 1263 et
718 1205 815 1263 saevis
838 1203 1005 1266 calcaribus
1030 1221 1152 1288 urgent

305 1291 472 1358 inmeritum
493 1297 591 1349 movet
613 1297 642 1348 et
662 1290 791 1366 geminas
812 1286 978 1350 miserabile
1004 1292 1116 1355 divum

303 1373 469 1453 Prodigium
489 1383 613 1449 turmas,
637 1373 805 1451 alternaque
826 1391 969 1433 murmura
988 1378 1130 1441 volvunt

305 1457 484 1536 mussantes,
506 1461 612 1519 iterare
634 1461 740 1535 aciem,
763 1475 938 1538 procurrere
959 1476 1063 1541 saepe

305 1543 423 1624 lupetus
445 1553 475 1605 et
499 1553 588 1604 totum
609 1544 722 1603 miseris
744 1561 895 1623 opponere
917 1541 1044 1606 bellum.

369 1628 534 1691 Iamdudum
552 1630 638 1688 terris
660 1637 805 1709 coetuque
824 1628 936 1688 offensa
957 1628 1091 1694 deorum

304 1715 420 1775 Aversa
443 1714 519 1774 coeli
541 1713 637 1773 Pietas
658 1715 687 1772 in
706 1723 790 1793 parte
810 1712 941 1789 sedebat,

304 1799 371 1859 Nou
391 1798 506 1873 babitu,
529 1814 586 1875 quo
608 1805 676 1857 uota
696 1799 793 1877 prius,
815 1815 872 1857 uon
890 1813 942 1856 ore
964 1815 1096 1881 sereno,

305 1883 365 1946 Sed
387 1884 464 1943 vittis
486 1891 572 1942 exuta
594 1899 719 1958 comam,
747 1882 932 1961 iratemaque
953 1880 1052 1963 bella,

306 1967 367 2029 Ceu
389 1985 475 2028 soror
493 1966 595 2027 infelix
615 1976 789 2045 pugnantum
810 1977 858 2027 aut
880 1967 964 2028 auxia
985 1980 1102 2048 mater,

304 2052 456 2130 ilabebat,
478 2069 653 2130 saevumque
674 2051 773 2112 lovem
792 2052 956 2129 Parcasque
978 2068 1138 2122 nocentes

305 2138 495 2212 Vociferans,
519 2155 645 2215 seseque
666 2137 743 2216 polis
766 2146 795 2197 et
815 2137 882 2197 luce
902 2135 1008 2198 relicta

305 2222 518 2283 Descensuram
539 2220 637 2281 Erebo
657 2230 687 2280 et
707 2222 825 2299 Stygios
846 2222 902 2281 iam
919 2219 1009 2281 malle
1032 2237 1185 2304 penates,

308 2307 401 2382 ‘Quid
420 2324 482 2384 me,
505 2307 559 2381 ait,
581 2316 612 2366 ut
632 2307 728 2366 saevis
746 2307 917 2366 animantum
936 2313 971 2364 a'c
993 2324 1096 2390 saepe
1119 2316 1247 2382 deorum
1266 2329 1297 2383 pp

307 2391 487 2453 Obstaturam
508 2393 625 2467 animis,
649 2393 787 2470 princeps
809 2400 924 2466 natura,
949 2392 1110 2457 creabas?

305 2477 354 2537 Nil
373 2480 428 2536 iam
449 2493 506 2553 ego
525 2493 580 2554 per
598 2475 741 2555 populos,
766 2493 905 2554 nusquam
925 2482 1108 2543 reverentia
1127 2493 1238 2550 nostri.

307 2560 448 2636 0inror,
474 2560 642 2620 obomines
661 2561 799 2639 diraeque
820 2558 1011 2620 Prometheos
1033 2571 1141 2630 artes!

308 2645 400 2720 Quam
421 2644 497 2705 bene
518 2652 586 2723 post
606 2643 742 2720 Pyrrham
759 2644 845 2704 tellus
858 2643 1034 2723 ¹pontusque
1053 2655 1231 2720 vacabam!

306 2731 352 2791 En
375 2729 497 2791 mortale
519 2727 644 2806 geuusl'
685 2729 780 2805 Dixit,
803 2728 1012 2807 speculataque
1031 2740 1165 2817 tempus
1267 2751 1302 2808 qr

308 2816 465 2877 ‘Auxilium
485 2822 673 2892 temptemus,
695 2816 749 2890 ait,
771 2814 841 2874 licet
862 2815 945 2873 inrita
967 2824 1090 2895 couer,'

305 2901 487 2979 Desiluitque
507 2899 594 2979 polo,
614 2901 716 2960 niveus
736 2897 790 2958 sub
812 2896 934 2958 nubibus
956 2898 1023 2959 altis

284 3048 286 3052 ,
307 2986 484 3064 Quamquam
504 2992 616 3044 moesta
636 2985 710 3044 deae
730 2985 859 3063 sequitur
879 2983 1002 3060 vestigia
1024 2985 1131 3051 limes.

307 3068 364 3129 Vix
387 3077 508 3130 steterat
530 3086 650 3147 campo,
672 3067 765 3129 subita
786 3085 991 3128 mansuescere
1015 3088 1100 3148 pace

306 3154 429 3232 Agmina
451 3155 608 3233 sentirique
630 3155 726 3221 nelas;
749 3161 817 3213 tuuc
839 3170 890 3213 ora
910 3152 1088 3217 madescunt
1269 3176 1305 3232 pp

307 3239 488 3317 Pectoraque
510 3247 539 3298 et
560 3240 663 3299 tacitus
685 3237 832 3318 subrepsit
852 3237 987 3298 fratribus
1008 3237 1138 3306 horror.

308 3324 395 3385 Arma
417 3325 502 3383 etiam
520 3323 650 3384 simulata
670 3341 777 3402 gerens
800 3322 951 3401 cultusque
972 3323 1089 3404 viriles,

306 3409 390 3470 Nunc
409 3408 469 3484 bis,
495 3426 569 3468 nuuc
589 3408 647 3468 illis
671 3408 789 3486 ‘Agite,
809 3411 867 3484 ite,
890 3407 1038 3485 obsistite,
1063 3413 1196 3501 clamat,

308 3493 380 3568 Quis
401 3495 459 3553 nati
478 3492 642 3573 fratresque
664 3493 756 3570 domi,
779 3494 843 3572 quis
863 3494 984 3571 pignora
1005 3502 1099 3559 tanta.

306 3578 358 3638 llis
381 3594 497 3657 quoque
517 3593 613 3637 nonne
635 3578 730 3658 palam
752 3587 798 3638 est
815 3578 890 3638 ultro
908 3580 1111 3645 miserescere
1129 3590 1246 3658 divos?
1270 3604 1307 3660 ῃ)

308 3663 381 3724 Tela
403 3661 523 3739 cadunt,
546 3673 714 3724 cunctantur
735 3665 817 3742 equi,
840 3662 901 3722 fors
923 3663 987 3743 ipsa
1007 3682 1194 3748 repugnate

370 3746 505 3808 Nonnihil
526 3747 669 3828 impulerat
690 3746 807 3826 dubios,
829 3749 857 3809 ui
879 3757 963 3810 turra
982 3758 1123 3818 nutasset
