3134 4434
603 458 805 507 THEBAIDOS
826 459 896 506 LIB.
919 459 967 506 IX.

281 614 500 696 Hippomedon,
529 614 626 675 turbat
646 614 764 675 Danaos
785 613 913 694 Asopius
933 611 1079 693 Hypseus,

283 703 384 763 Amnis
407 710 558 779 utrumque
580 702 677 776 timet,
708 717 810 759 crasso
832 698 906 759 vada
927 707 1015 759 mutat
1036 708 1159 779 uterque

286 789 448 864 Sanguine,
473 795 502 844 et
524 804 540 844 e
563 784 650 844 lluvio
673 786 767 844 neutri
789 785 878 845 fatale
898 785 1017 843 reverti.

348 871 407 931 lam
428 872 518 931 laceri
539 872 639 949 pronis
659 870 815 929 volvuntur
837 868 970 928 cursibus
990 877 1068 928 artus

287 956 420 1036 Oraque,
444 965 474 1015 et
494 955 627 1014 abscisae
649 954 772 1014 redeunt
793 957 821 1014 in
841 963 965 1034 pectora
985 952 1116 1014 dextrae.

286 1041 406 1120 Spicula
428 1042 483 1100 iam
506 1040 678 1120 clipeosque
701 1040 785 1099 leves
806 1056 951 1117 arcusque
971 1039 1110 1098 remissos

284 1126 368 1187 Unda
388 1124 485 1201 vehit,
510 1125 671 1204 galeasque
690 1132 790 1184 uetant
809 1123 992 1184 descendere
1015 1125 1130 1187 cristae.

287 1214 403 1270 Summa
423 1211 507 1286 vagis
529 1209 587 1268 late
610 1218 775 1268 sternuntur
794 1208 908 1270 ilumina
929 1208 1007 1284 telis,

285 1295 345 1356 lma
366 1295 452 1361 uiris;
471 1294 532 1354 illie
554 1294 697 1354 luctantur
719 1310 845 1372 corpora
867 1294 938 1368 leto,

286 1379 487 1457 Eldantesque
509 1379 617 1438 animas
638 1388 718 1437 retro
741 1381 846 1457 premit
865 1377 969 1437 obvius
990 1380 1090 1438 amnis.

350 1463 527 1524 Flumineam
548 1465 681 1543 rapiente
703 1463 779 1523 uado
802 1480 876 1543 puer
892 1461 1000 1540 Agrius
1021 1463 1128 1524 ulmum

288 1549 462 1625 Prenderat,
488 1550 617 1625 insignes
639 1547 776 1607 humeros
800 1548 880 1607 ierus
903 1566 974 1607 ense
994 1546 1172 1610 Menoeceus

288 1634 440 1712 Amputat;
463 1632 514 1693 ille
537 1634 660 1709 cadens,
686 1633 810 1693 nondum
833 1634 983 1693 conamine
1004 1633 1150 1714 adempto,

290 1720 419 1779 Truncus
441 1720 470 1777 in
493 1718 621 1778 excelsis
634 1727 757 1797 vspectat
778 1735 829 1777 sua
851 1716 970 1777 brachia
991 1719 1087 1778 ramis.

287 1803 423 1882 Hypseos
442 1803 524 1862 hasta
546 1804 643 1879 Sagen
668 1804 777 1880 ingenti
798 1802 920 1862 vulnere
942 1803 1052 1879 mersit,
1124 1815 1128 1823 ’

288 1887 343 1949 Ille
365 1896 460 1947 manet
479 1887 584 1964 iundo,
608 1887 694 1947 rediit
715 1904 770 1966 pro
793 1905 919 1967 corpore
942 1889 1069 1965 sanguis.

351 1972 477 2033 Desiluit
497 1974 569 2052 ripis
590 1973 707 2032 fratrem
727 1981 861 2050 rapturus
880 1971 1002 2048 Agenor

288 2057 369 2118 lleu!
392 2059 480 2117 miser
502 2066 531 2116 et
551 2059 659 2132 tenuit,
683 2057 736 2116 sed
758 2057 874 2115 saucius
895 2056 945 2116 ille
968 2056 1113 2128 terentem

288 2142 437 2220 Degravat
459 2141 608 2220 amplexu;
631 2150 747 2219 poterat
767 2141 914 2200 resolutus
934 2139 1056 2218 Agenor

289 2226 454 2287 Emensisse
476 2225 573 2302 radis,
595 2225 697 2306 puduit
717 2227 780 2284 sine
802 2222 891 2285 iratr‘e
912 2227 1031 2285 reverti.

355 2313 528 2388 Surgentem
550 2311 652 2371 dextra
674 2308 826 2370 Chaletum
847 2309 1009 2389 vulnusque
1029 2312 1182 2371 minantem

291 2395 437 2456 Sorbebat
458 2395 576 2477 rapidus
597 2394 704 2455 nodato
726 2397 842 2472 gurgite
862 2403 980 2463 vortam
1013 2402 1018 2412 ⁴

290 2479 349 2541 lam
370 2481 465 2557 vultu,
490 2482 545 2540 iam
568 2482 647 2540 crine
670 2480 757 2556 latet,
778 2482 835 2540 iam
855 2481 976 2541 dextera
994 2498 1144 2560 nusquam,

291 2565 414 2625 Ultimus
436 2565 572 2644 abruptas
595 2567 673 2625 ensis
693 2565 844 2625 descendit
865 2566 893 2624 in
916 2564 1016 2625 undas.

290 2649 373 2710 Mille
394 2651 488 2711 modis
510 2650 561 2710 leti
583 2651 707 2710 miseros
727 2668 806 2710 mors
828 2669 882 2711 una
904 2651 1014 2727 fatigat.

291 2734 384 2794 Induit
404 2753 420 2794 a
440 2745 525 2812 tergo
547 2734 705 2811 Mycalesia
726 2738 825 2814 cuspis
844 2735 993 2812 Agyrtem

292 2817 451 2896 Respexit,
474 2838 612 2898 nusquam
634 2829 735 2879 auctor
759 2829 838 2895 erat,
862 2820 915 2880 sed
938 2820 1052 2879 concita
1072 2828 1165 2879 tractu

293 2902 421 2979 Gurgitis
444 2903 585 2980 effugiens
607 2904 757 2963 invenerat
778 2903 861 2963 hasta
884 2919 1026 2962 cruorem.

356 2984 467 3064 Figitur
486 2996 515 3045 et
535 2986 648 3046 ualidos
669 2990 788 3067 sonipes
807 2986 932 3047 Aetolus
954 2989 983 3046 in
1004 3004 1110 3062 armos,

293 3071 461 3151 Exiluitque
481 3071 540 3131 alte
561 3073 589 3130 vi
611 3073 710 3131 mortis
733 3081 762 3131 et
781 3090 853 3150 aera,
870 3071 1001 3151 pendens

293 3156 453 3226 Verberat;
478 3156 551 3217 haud
574 3165 669 3217 tamen
690 3166 736 3216 est
755 3157 886 3217 turbatus
908 3157 1022 3217 llumine
1044 3155 1156 3233 ductor,

294 3241 354 3301 Sed
373 3243 525 3301 miseratur
549 3259 669 3319 equum,
692 3259 856 3322 magnoque
877 3261 894 3302 e
915 3242 1036 3302 vulnere
1057 3242 1145 3302 telum

294 3325 382 3386 Exuit
403 3327 466 3406 ipse
487 3345 610 3404 gemens
633 3336 662 3386 et
687 3337 793 3405 sponte
815 3329 924 3387 remisit
946 3325 1082 3386 habenas.

296 3409 365 3471 lnde
385 3411 478 3489 pedes
499 3413 606 3490 repetit
627 3430 740 3490 pugnas
760 3429 926 3490 gressuque
947 3430 1089 3491 manuque

297 3494 429 3572 Certior,
452 3506 481 3556 et
504 3515 625 3574 segnem
644 3496 775 3556 Nomium
796 3497 959 3576 fortemque
981 3495 1115 3557 Mimanta

296 3579 521 3659 Thebaeumque
542 3580 648 3641 Lichan
669 3581 941 3660 Anthedoniumque
961 3580 1099 3658 Lycetum

297 3662 450 3726 Continuat
471 3667 550 3725 ferro
569 3668 750 3746 geminisque
773 3685 790 3726 e
812 3667 949 3727 fratribus
972 3684 1056 3726 unum

296 3749 480 3832 Thespiaden
487 3772 495 3821 ;
520 3750 620 3812 eadem
642 3753 781 3834 poscenti
799 3752 864 3815 iata
877 3751 1034 3814 hanemo:
