3134 4434
229 420 231 427 ’
312 442 353 504 90
609 480 611 485 -
650 456 682 505 a.
705 454 838 505 aarum
857 454 974 507 sunan

315 611 376 672 Sed
396 619 459 671 tuas
481 618 560 672 artes
581 628 654 690 puer
675 619 742 673 ante
763 611 868 690 discut,

314 694 405 755 Omne
428 694 492 774 quis
511 696 606 757 mundi
627 697 739 757 senium
759 714 910 758 remensus

314 778 388 841 Orsa
409 780 529 842 Sallusti
549 779 648 841 brevis
669 789 699 842 et
720 780 831 842 'limavi

478 863 588 927 Reddis
609 865 761 926 alumnum.

381 1021 461 1074 vnn.
484 1021 536 1073 ao
557 1022 695 1074 Inurum
718 1020 979 1075 ufflnncaaunm
1001 1023 1050 1075 on
1072 1023 1241 1078 osonum.
1325 1013 1328 1017 '

318 1180 324 1192 ,
373 1117 471 1179 Pande
491 1118 571 1179 iores
594 1136 730 1197 superum
749 1118 910 1196 vittataque
931 1117 1039 1198 templa
1061 1117 1183 1181 Sabaeis

312 1201 445 1264 Nubibus
466 1210 496 1262 et
517 1201 659 1282 pecudum
684 1202 764 1263 fibris
786 1201 961 1281 spirantibus
982 1203 1073 1283 inple,

313 1286 513 1367 Parthenope;
536 1286 607 1347 clari
628 1305 722 1366 genus
743 1305 817 1346 ecce
836 1285 1012 1347 Menecratis
1034 1296 1122 1366 auget

314 1370 413 1433 'l'ertia
430 1371 486 1432 iam
503 1370 636 1431 soboles.
674 1370 832 1432 Procerum
851 1370 1024 1433 tibinobile
1041 1373 1147 1451 vulgus

314 1454 431 1516 Crescit
453 1464 483 1516 et
503 1456 595 1517 insani
616 1455 728 1517 solatur
749 1456 850 1516 damna
871 1454 991 1516 Vesevi.
1297 1468 1314 1523 5

377 1538 442 1600 Nec
466 1539 560 1602 solum
581 1540 673 1601 festas
694 1550 810 1601 secreta
831 1539 973 1620 Neapolis
996 1558 1062 1605 aras

314 1622 447 1701 Ambiat,
470 1634 500 1712 et
521 1625 596 1686 socii
619 1634 720 1705 portus
743 1624 910 1705 dilectaque
929 1625 1004 1686 mitis

314 1708 407 1770 'l'erra
427 1709 629 1786 Dicarcheae,
650 1728 706 1770 nec
725 1726 785 1769 non
806 1709 895 1789 plaga
919 1728 986 1772 cara
1009 1709 1135 1781 madenti

315 1795 484 1855 Surrentina
506 1793 563 1855 deo
586 1794 673 1854 sertis
686 1794 797 1855 'altaria
818 1795 926 1873 cingat,

315 1876 439 1938 blaterni
460 1896 516 1958 qua
535 1879 602 1939 litus
621 1879 683 1955 avi,
707 1896 794 1957 quem
814 1879 899 1939 turba
920 1887 1058 1958 nepotum

317 1959 428 2023 Circuit
449 1972 479 2024 et
500 1963 610 2023 similes
631 1963 780 2024 contendit
800 1963 928 2024 reddere
948 1963 1054 2023 vultus.

316 2045 447 2109 Gaudeat
466 2057 496 2109 et
514 2047 623 2124 libyca
641 2048 805 2128 praesignis
827 2048 985 2108 avunculus
1007 2048 1102 2124 basta,

316 2130 459 2211 Quaeque
483 2132 539 2193 sibi
560 2134 677 2211 genitos
698 2141 780 2213 putat
801 2132 966 2212 attollitque
988 2131 1115 2208 benigno

314 2216 397 2278 Polla
418 2218 491 2277 sinu.
533 2216 646 2297 blacte,
669 2234 687 2277 o
708 2217 839 2293 iuuenis,
862 2219 911 2297 qui
932 2225 1009 2278 tanta
1030 2215 1153 2276 merenti

313 2300 430 2362 Lumina
451 2302 503 2362 das
523 2303 643 2381 patriae.
675 2301 762 2363 Dulci
783 2301 881 2362 fremit
903 2319 975 2362 ecce
996 2300 1116 2361 tumultu

315 2384 372 2446 'l'ot
392 2385 515 2446 dominis
535 2385 657 2447 clamata
678 2385 790 2446 domus.
833 2385 939 2446 Procul
961 2394 1023 2446 atra
1046 2382 1170 2446 recedat

315 2468 443 2546 invidia,
465 2479 553 2548 atque
575 2470 633 2530 alio
651 2470 769 2530 liventia
791 2478 912 2549 pectora
934 2469 1043 2531 dectat.

316 2552 368 2613 llis
391 2554 503 2614 senium
522 2553 688 2633 longaeque
710 2554 802 2615 decus
822 2555 935 2614 virtutis
958 2562 988 2614 et
1009 2553 1076 2617 alba

315 2637 447 2716 Atropos
469 2645 500 2699 et
517 2640 626 2718 patrius
649 2639 748 2699 lauros
767 2639 901 2718 promisit
920 2638 1041 2717 Apollo.

379 2720 461 2800 Ergo
484 2723 563 2801 quod
583 2722 732 2783 Ausoniae
755 2732 839 2802 pater
858 2725 1079 2801 augustissimus
1098 2721 1178 2784 urbis

315 2806 365 2870 lus
386 2807 439 2869 tibi
461 2807 641 2887 tergeminae
664 2807 786 2870 dederat
806 2807 943 2869 laetabile
963 2808 1067 2887 prolis,

316 2892 409 2953 Omen
432 2901 504 2954 erat.
545 2892 633 2953 Venit
654 2893 761 2953 totiens
785 2892 894 2953 Lucina·
913 2894 1050 2973 piumque

316 2975 437 3039 intravit
457 2978 583 3058 repetita
604 2977 705 3039 larem.
749 2977 799 3038 Sic
820 2977 942 3054 fertilis,
966 2994 1031 3054 oro,

316 3062 382 3123 Stet
406 3062 507 3123 domus
526 3071 556 3123 et
578 3063 661 3124 donis
682 3079 835 3142 numquam
855 3062 962 3123 nudata
982 3063 1116 3123 sacratis.

379 3145 493 3223 Macte,
516 3147 595 3226 quod
617 3156 646 3207 et
667 3147 769 3229 proles
789 3147 843 3207 tibi
864 3148 982 3226 saepius
1005 3156 1089 3210 aucta
1110 3145 1189 3209 virili

317 3228 455 3299 Robore;
477 3248 511 3290 se
532 3232 629 3291 iuveni
651 3231 756 3292 laetam
776 3231 827 3293 dat
844 3232 928 3308 virgo
954 3234 1077 3310 parenti.

317 3315 424 3394 Aptior
444 3315 489 3375 bis
509 3316 616 3391 virtus,
639 3316 722 3376 citius
744 3315 824 3377 dabit
842 3316 892 3376 illa
914 3324 1051 3394 nepotes,

318 3398 421 3474 Qualis
442 3399 579 3460 maternis
599 3399 712 3461 llelene
732 3400 788 3462 iam
808 3400 893 3478 digna
913 3399 1070 3479 palaestris

316 3482 396 3544 Inter
416 3483 594 3560 Amyclaeos
615 3484 750 3565 reptabat
771 3485 894 3546 candida
916 3485 1034 3561 fratres,

317 3568 376 3630 Vel
399 3568 492 3647 qualis
515 3569 592 3629 coeli
612 3569 720 3647 iacies,
739 3569 790 3630 ubi
810 3579 898 3630 nocte
920 3588 1026 3631 serena
1229 3596 1234 3605 =
1287 3577 1324 3635 5⁰

317 3653 486 3714 Admovere
508 3652 591 3715 iubar
611 3654 725 3715 mediae
747 3655 806 3715 duo
827 3654 924 3715 sidera
945 3655 1041 3716 lunae.

318 3738 380 3801 Sed
400 3755 510 3818 queror
531 3738 607 3800 baud
627 3738 752 3818 faciles,
775 3739 911 3800 iuvenum
928 3740 1093 3818 rarissime,
1116 3746 1239 3820 questus
