3134 4434
311 467 374 530 234
652 473 838 525 e.esr1n11
858 473 977 527 secun
1093 549 1097 554 .

311 634 459 697 Grinalem
478 631 584 694 attollit
604 631 695 709 longo
717 631 844 695 stridore
866 641 1016 695 cerasten.
1299 645 1324 701 tt

312 719 475 782 caeruleae
497 718 556 777 dux
577 716 628 776 ille
651 734 768 793 comae,
792 734 851 795 quo
873 718 1008 796 protinus
1033 720 1145 781 omnis

311 806 429 866 Horruit
448 802 544 863 audito
566 801 655 862 tellus
676 811 842 881 pontusque
862 803 1025 882 polusque,

312 889 351 952 Et
370 898 454 969 pater
474 887 626 947 Aetnaeos
647 887 750 948 itemm
771 888 925 966 prospexit
946 887 987 949 ad
1008 887 1120 966 ignes.

376 973 494 1053 Accipit
512 971 562 1032 illa
583 988 700 1041 sonum;
724 971 818 1032 stabat
840 981 908 1033 tunc
926 971 1007 1033 forto
1031 975 1166 1050 parenti

312 1060 465 1134 Proxima,
492 1058 558 1119 dum
579 1066 666 1117 coetu
689 1053 844 1136 Capaneus
865 1056 999 1119 laudatur
1020 1056 1060 1117 ab
1088 1061 1177 1120 omni
1300 1067 1323 1122 to

312 1145 388 1205 Ditis
410 1151 440 1204 et
460 1143 601 1219 insignem
623 1141 734 1219 Stygiis
755 1141 838 1202 fovet
860 1141 989 1203 amnibus
1009 1143 1170 1207 umbram.

312 1231 446 1291 Protinus
467 1226 590 1305 abrupta
607 1236 749 1287 terrarum
769 1226 847 1287 mole
869 1226 922 1286 sub
944 1227 1032 1286 astris

314 1313 464 1388 Constitit,
487 1311 617 1372 exultant
635 1310 754 1387 Manes,
778 1320 973 1390 quantumque
996 1311 1180 1389 profundae

312 1399 476 1460 Rarescunt
495 1395 653 1474 tenebrae,
675 1404 785 1456 tautum
805 1395 842 1457 de
863 1397 931 1458 lucc
952 1398 1101 1457 recessit.

313 1483 431 1562 Excipit
451 1491 513 1542 atra
534 1498 620 1541 soror
640 1481 822 1560 dextraeque
844 1482 949 1541 innexa
970 1481 1136 1560 profatur:
1300 1492 1323 1548 ta

379 1568 453 1628 ‘Hac
474 1584 613 1644 germana
631 1575 715 1627 tenus
736 1566 832 1643 Stygii
852 1564 1006 1627 metuenda
1028 1570 1177 1645 parentis

313 1654 440 1734 Imperia
463 1661 492 1712 et
513 1652 610 1711 iussos
632 1652 714 1730 potui
735 1651 865 1712 tolerare
885 1651 1014 1724 furores,

220 1744 227 1765 '
314 1739 386 1803 Sola
407 1754 496 1816 super
516 1745 610 1797 terras
632 1735 791 1814 hostilique
812 1735 900 1797 obvia
921 1733 1040 1810 mundo,

314 1825 390 1885 Dum
410 1838 465 1882 vos
488 1821 611 1896 elysium
632 1829 662 1881 et
682 1819 786 1881 faciles
808 1820 995 1900 compescitis
1016 1819 1161 1884 umbras.

313 1907 379 1970 Nec
400 1906 523 1987 pretium
546 1903 679 1967 deforme
699 1922 800 1966 morae
823 1907 959 1984 cassique
980 1902 1125 1967 labores.
1298 1918 1322 1972 to

313 1993 380 2055 lloc
401 1991 602 2072 quodcumque
623 1988 740 2051 madent
759 1992 872 2069 campi,
895 1988 974 2069 quod
992 1991 1151 2066 sauguine
1171 1993 1283 2059 fumant

315 2080 442 2156 Stagna,
468 2076 546 2154 quod
567 2077 715 2137 innumero
732 2073 860 2136 Lethaea
883 2075 1015 2135 examine
1038 2076 1165 2151 gaudet

314 2163 405 2242 Ripa,
427 2179 511 2221 meae
531 2161 628 2238 vires,
650 2177 716 2220 mea
736 2159 814 2220 laeta
835 2160 967 2237 insignia.
1011 2158 1077 2219 Sed
1102 2163 1182 2240 quid

314 2248 396 2309 llaec
416 2243 496 2323 ego?
527 2243 605 2305 Mars
624 2244 749 2321 habeat,
770 2244 948 2322 vulgataque
967 2243 1059 2303 iactet
1083 2242 1194 2324 Enyo.

314 2332 434 2393 Vidistis
454 2330 625 2407 —Stygiis
646 2337 727 2390 certe
748 2330 918 2390 manifestus
938 2328 967 2388 iu
988 2325 1105 2389 umbris
1127 2367 1175 2379 -
1298 2342 1322 2397 m

315 2417 462 2493 Sanguine
484 2414 633 2475 foedatum
651 2415 743 2474 rictus
763 2423 887 2492 atroque
907 2413 1073 2474 madentem

316 2500 374 2563 Ora
391 2501 493 2561 ducem
515 2498 597 2567 tabo;
619 2498 756 2561 miserum
778 2499 948 2560 insatiabilis
970 2497 1030 2558 edit

314 2585 362 2646 dle
384 2583 515 2646 tradente
536 2591 637 2662 caput;
659 2583 746 2643 modo
767 2601 874 2663 nempe
894 2580 1058 2644 horrendus
1082 2581 1127 2643 ab
1153 2591 1248 2650 astris

314 2667 475 2731 Descendit
495 2683 550 2727 vos
571 2685 664 2745 usque
685 2666 801 2745 fragor:
824 2686 890 2729 mea
911 2685 995 2729 sacra
1015 2668 1187 2746 premebat

316 2754 503 2835 Tempestas,
525 2769 582 2830 ego
603 2753 692 2813 mixta
713 2755 768 2813 viri
790 2751 939 2814 furialibus
961 2754 1049 2813 armis
1299 2764 1324 2821 ot

314 2840 397 2902 Bella
418 2840 520 2916 deum,
545 2847 575 2899 et
595 2855 714 2916 magnas
737 2837 869 2899 ridebam
891 2838 1016 2899 fulminis
1039 2837 1116 2898 iras.

315 2927 375 2988 Sed
396 2925 452 2986 iant
472 2958 515 2970 -
535 2921 649 2984 effabor
670 2924 746 2984 euim
766 2957 809 2968 -
829 2923 919 3000 longo
943 2923 1052 2983 sudore
1074 2922 1233 2990 fatiscunt

315 3008 428 3085 Corda,
450 3026 552 3086 soror,
573 3008 733 3086 tardaeque
751 3025 866 3076 manum
888 3007 978 3068 hebet
998 3007 1096 3068 infera
1121 3013 1224 3075 coelo

315 3094 426 3171 Taxus,
448 3103 478 3154 et
498 3096 629 3156 insuetos
650 3111 763 3170 angues
783 3093 869 3153 nimia
890 3101 969 3153 astra
989 3103 1154 3169 soporant.

314 3178 374 3255 Tu,
397 3180 444 3239 cui
463 3188 541 3240 totus
562 3177 656 3239 adhuc
674 3177 756 3238 furor
774 3176 964 3255 exultantque
985 3186 1134 3239 recentes
1299 3190 1324 3244 ot

315 3263 420 3341 Cocyti
441 3264 477 3325 de
499 3264 580 3324 fonte
604 3279 724 3338 comae,
747 3262 783 3323 da
806 3262 927 3338 iungere
951 3261 1041 3321 vires.

313 3348 381 3410 Nou
401 3348 503 3408 solitas
522 3348 603 3408 acies
621 3365 678 3407 nec
698 3345 802 3407 llartia
822 3345 901 3407 bella
923 3363 1071 3426 paramus,

315 3435 375 3496 Sed
395 3434 530 3508 fratrum,
552 3431 624 3493 licet
643 3430 718 3492 alma
736 3431 809 3492 lides
831 3432 983 3510 pietasque
1006 3447 1204 3516 repugnent,

313 3519 489 3594 Vinceutur,
512 3551 553 3562 —
572 3516 691 3577 fratrum
712 3515 872 3592 stringendi
894 3516 1023 3575 eominus
1045 3534 1158 3581 enses.

316 3602 429 3664 Grande
452 3618 542 3681 opus;
565 3600 648 3678 ipsae
671 3600 761 3675 odiis,
783 3600 867 3678 ipsae
889 3598 1075 3661 discordibus
1095 3608 1198 3670 armis
1288 3619 1325 3675 lot

313 3686 462 3766 Aptemur.
504 3683 580 3760 Quid
602 3683 680 3746 lenta
699 3681 806 3745 venis?
835 3684 959 3762 agedum
981 3684 1079 3762 elige,
1105 3692 1204 3756 cuius

304 3773 398 3852 Signa
419 3771 517 3846 feram
542 3767 631 3837 ambo
652 3769 760 3837 faciles
775 3771 949 3848 nostrique,
967 3768 1027 3827 set
1041 3785 1169 3851 anceps
