3134 4434
319 422 360 508 22
663 462 695 513 e.
718 462 852 514 enrmn
874 466 989 515 suurn

319 622 350 680 Si
374 638 429 701 qua
451 620 603 681 salutifero
624 622 731 698 gemini
750 614 887 681 Chironis
907 623 936 681 in
957 631 1039 682 antro

318 705 432 781 Herba,
455 706 537 767 tholo
560 706 762 787 quodcumque
782 705 835 765 tibi
856 706 981 766 Troiana
1001 708 1136 769 recondit

318 793 476 868 Pergamus
496 801 543 851 aut
563 792 685 852 medicis
705 791 778 851 felix
799 788 964 869 Epidaurus
987 794 1083 851 arenis
1272 807 1324 859 roo

317 875 446 951 Educet,
466 874 553 938 Idaea
574 875 688 954 profert
708 892 793 953 quam
816 872 914 935 Creta·
927 873 980 934 sub
1000 876 1101 937 umbra
1248 887 1252 895 “

318 960 462 1020 Dictamni
481 960 613 1020 llorentis
636 977 740 1043 opem,
763 976 882 1038 quoqne
903 961 1007 1037 anguis
1029 960 1156 1021 abundat

318 1047 458 1125 Spumatu
478 1068 535 1104 —:
557 1046 671 1121 iungam
692 1047 757 1122 lpse
776 1062 877 1103 manus
897 1048 985 1122 at'que
1007 1062 1092 1105 omne
1113 1045 1241 1124 benigne
1297 1090 1300 1095 -

318 1130 423 1209 Virus,
446 1129 602 1189 odoriferis
622 1128 750 1189 Arabum
773 1128 851 1209 quod
874 1128 1029 1189 doctus-in
1047 1129 1125 1190 arvis

318 1215 376 1275 Aut
395 1213 608 1292 Amphrysiaco
631 1221 732 1292 pastor
754 1213 792 1274 de
813 1212 1089 1293 gramioecarpsi.2
1155 1235 1159 1243 ·
1271 1226 1321 1280 loa
1345 1270 1349 1277 ,

382 1298 513 1358 Dixerat.
534 1297 686 1358 Inveniunt
707 1299 821 1377 positos
840 1299 896 1357 iam
915 1300 1047 1376 segniter
1069 1306 1147 1358 artus
1274 1318 1278 1325 ’

317 1383 555 1461 Pugnantemque
578 1384 712 1452 animam
737 1384 794 1442 ritu
816 1398 850 1441 se
873 1382 962 1460 cingit
981 1392 1105 1462 uterque
1197 1404 1203 1411 ·
1308 1394 1313 1401 ·

317 1469 460 1543 Paeonio,
481 1475 699 1545 monstrantque
720 1466 803 1527 simul
824 1465 987 1546 parentque
1006 1467 1153 1543 volentes,

316 1553 420 1613 Donec
444 1552 576 1613 letiferas
598 1553 679 1633 vario
701 1551 893 1613 medicamine
909 1556 1016 1631 'pestes

317 1635 355 1697 Et
376 1647 514 1715 suspecta
535 1636 602 1696 mali
623 1645 764 1716 ruperunt
783 1636 882 1697 nubila
902 1638 1027 1696 somnis
1063 1640 1075 1675 'v
1270 1647 1322 1699 llo

316 1721 442 1782 Adiuvat
464 1723 528 1800 ipse
552 1720 625 1780 deos
647 1719 813 1805 morboque
831 1718 976 1782 valentior
998 1721 1075 1781 omni

318 1805 451 1883 Occupat
473 1805 619 1865 auxilium.
665 1801 758 1865 Citius
779 1813 838 1865 non
860 1802 924 1866 art'e
946 1806 1079 1866 relectus

217 1926 220 1933 ι
317 1889 466 1967 Telephus
489 1889 663 1965 Haemonia,
685 1907 741 1949 nec
762 1906 837 1969 qnae
858 1892 1013 1950 metuentis
1034 1889 1156 1950 Atridae

316 1976 413 2035 Saeva
433 1973 605 2033 blachaonio
627 1975 760 2034 coierunt
776 1975 898 2035 vulnera
921 1992 1023 2034 succo.

382 2058 453 2132 Quis
473 2058 540 2117 mihi
562 2066 605 2117 tot
627 2066 730 2118 coetus
752 2059 827 2119 inter
848 2060 1009 2138 populique
1030 2066 1201 2138 patrumque
1270 2070 1321 2122 115

234 2164 237 2169 ·
316 2146 360 2205 Sit
380 2161 467 2202 curae
489 2144 608 2222 votique
631 2139 737 2203 locus?
778 2142 887 2204 'lamen
907 2143 996 2204 ardna
1015 2151 1111 2203 testor

316 2228 420 2293 Sidera
443 2238 547 2304 teque,
572 2236 657 2305 pater
678 2237 775 2288 'vatum
795 2226 996 2305 Thymbraee,
1021 2229 1085 2308 quis
1107 2229 1184 2286 omni

275 2316 277 2321 ’
316 2312 394 2373 buce
416 2312 501 2386 mihi,
526 2313 591 2390 quis
613 2321 701 2372 nocte
726 2315 827 2390 timor,
849 2313 915 2373 dnm
938 2312 1072 2392 postibus
1093 2311 1221 2373 haerens

315 2396 460 2458 Assiduus
481 2414 555 2456 nunc
575 2415 645 2457 anre
664 2397 738 2475 vigil
758 2414 834 2457 nnnc
855 2398 961 2458 lumine
980 2405 1081 2458 cuncta

315 2480 467 2558 Augurum
492 2481 640 2540 inmensae
658 2480 749 2541 veluti
768 2498 902 2542 connexa
924 2484 1041 2544 canuae
1270 2491 1321 2544 lm

317 2564 427 2640 Cymba
448 2566 553 2641 minor,
578 2582 664 2643 quum
687 2568 781 2626 saevit
800 2566 902 2643 hiems,
927 2585 981 2646 pro
1002 2575 1085 2646 parte
1104 2566 1236 2627 limentes

316 2649 408 2710 Parva
432 2656 567 2728 receptat
588 2667 678 2729 aquas
701 2659 730 2709 et
751 2642 857 2712 eodem
878 2652 1006 2712 volvitur
1027 2660 1136 2712 austro.

381 2732 498 2793 Nectite
520 2752 595 2793 nunc
617 2733 712 2794 laetae
732 2734 885 2796 candentia
905 2735 968 2812 illa,
991 2753 1123 2811 sorores,

315 2816 446 2887 Nectite!
485 2817 580 2877 Nemo
602 2818 717 2879 modum
739 2821 900 2880 transmissi
922 2830 1072 2901 computet
1089 2821 1165 2899 aevi,

315 2900 368 2963 llio
387 2904 464 2962 vitae
487 2902 591 2962 natalis
615 2905 679 2963 erit.
700 2903 743 2963 'lu
763 2902 870 2965 'l'roica
892 2905 996 2983 dignus
1269 2914 1321 2969 125

316 2987 441 3047 Saecula
461 2995 491 3046 et
513 2986 638 3048 Euboici
661 2989 871 3049 transcendere
893 2990 1024 3068 pulveris
1046 3006 1138 3051 annos

315 3069 539 3149 Nestoreosque
561 3072 647 3132 situs!
689 3072 753 3146 Qua
771 3090 848 3132 nunc
869 3073 919 3133 tibi
940 3092 1054 3154 pauper
1072 3091 1176 3135 acerra

314 3154 410 3231 Digna
432 3151 533 3214 litem?
569 3155 634 3215 Nec
656 3158 681 3215 si
704 3167 811 3217 vacuet
830 3154 964 3219 Mevania
984 3158 1090 3236 valles,

314 3239 373 3298 Aut
399 3247 548 3317 praestent
569 3241 674 3299 niveos
693 3239 835 3301 Clitumna
859 3243 976 3303 novalia
997 3252 1109 3319 tauros,

315 3322 473 3382 Sufficiam.
511 3323 571 3383 Sed
594 3342 687 3402 saepe
710 3325 774 3385 deis
796 3325 851 3386 hos
872 3329 948 3387 inter
971 3328 1101 3389 honores
1271 3338 1323 3393 130

316 3405 431 3486 Cespes
455 3416 484 3466 et
506 3408 614 3485 exiguo
635 3408 808 3488 placuerunt
826 3411 902 3472 farra
924 3413 1027 3475 salino.

505 3565 541 3615 V.
569 3566 750 3618 BALNEUM
772 3567 928 3620 CLAUDII
952 3569 1126 3622 ETRUSCI.

377 3653 441 3714 Non
465 3655 609 3719 Helicona
628 3662 712 3738 gravi
730 3661 828 3740 pulsat
849 3662 952 3738 chelys
972 3664 1077 3724 enthea
1099 3662 1229 3742 plectro,

308 3739 375 3798 Neo
396 3740 505 3802 lassata
527 3760 605 3805 roco
629 3746 737 3807 totiens
759 3746 827 3810 mihi
846 3749 970 3827 numina,
993 3746 1106 3819 Nasam
