3134 4434
600 491 801 541 unusmnos
825 492 896 539 uun.
924 493 958 541 x.
1059 459 1063 471 ’
1218 481 1276 543 221

280 651 392 712 Horror
414 649 515 727 equis,
534 647 657 708 haerent
677 647 784 726 trepidi
806 657 893 727 atque
915 648 1028 708 inmane
1051 659 1197 728 paventes,

281 735 442 814 Abruptum
463 733 601 793 mirantur
622 733 684 809 agl;
709 751 785 793 nunc
805 735 921 811 inpetus
943 733 987 793 ire

281 819 413 897 Margine
434 816 470 878 ab
492 826 640 892 exhemo,
662 835 738 877 nunc
758 826 864 896 sponte
887 818 914 876 iu
935 816 1019 877 frena
1037 820 1186 881 recedunt.

282 906 317 965 Hi
338 903 466 984 praelixa
488 900 554 961 solo
575 900 686 961 vellunt
706 903 874 962 munimina:
897 910 927 962 at
948 901 990 961 illi
1227 919 1278 972 525

283 990 431 1049 Portarum
450 985 585 1046 obiectus
605 988 732 1047 minuunt
754 996 784 1046 et
806 987 903 1047 ferrea
922 986 1026 1046 sudant

284 1070 418 1134 Claustra
438 1070 568 1131 remoliri
588 1069 776 1150 trabibusque
799 1081 909 1132 arctata
927 1088 1036 1131 sonoro

282 1158 396 1219 Pellunt
417 1174 489 1216 saxa
510 1154 594 1232 loco,
616 1172 686 1234 pars
707 1156 743 1217 ad
764 1156 881 1233 fastigia
900 1157 1003 1216 missas

283 1241 420 1302 Exultant
440 1240 572 1300 haesisse
593 1239 691 1315 faces,
709 1258 778 1319 pars
797 1242 853 1301 ima
876 1241 1032 1317 lacessunt,

284 1328 511 1404 Scrutauturque
533 1343 620 1385 cavas
639 1342 730 1385 caeca
749 1326 895 1386 testudine
912 1334 1020 1385 turres.
1154 1381 1158 1388 ,
1227 1341 1279 1395 530

348 1410 386 1471 At
407 1409 503 1486 Tyrii,
527 1427 602 1487 quae
622 1410 687 1470 sola
708 1409 804 1485 salus,
825 1419 912 1488 caput
936 1427 1022 1472 omne
1045 1421 1185 1473 coronant

283 1495 430 1556 Murorum
450 1496 607 1573 nigrasque
629 1494 718 1554 sudes
740 1503 770 1555 et
790 1494 886 1555 lucida
905 1494 984 1555 ferro

285 1581 404 1659 Spicula
425 1588 454 1640 et
472 1597 588 1640 arsuras
608 1579 687 1640 coeli
707 1597 762 1657 per
778 1579 872 1639 inania
891 1579 1013 1656 glandes

284 1665 421 1743 Saxaque
441 1665 471 1724 iu
487 1663 630 1724 adversos
649 1663 721 1741 ipsis
741 1664 844 1725 avulsa
863 1663 998 1741 potabant

283 1749 452 1815 Moenibus:
475 1748 620 1808 exundant
639 1766 730 1809 saevo
751 1748 867 1825 fastigia
887 1749 994 1825 nimbo,
1228 1761 1278 1817 535

283 1834 479 1911 Armataeque
500 1843 618 1893 vomunt
639 1833 790 1894 stridentia
811 1833 869 1893 tela
891 1833 1049 1894 fenestrae.

284 1918 417 1992 Qualiter
437 1927 485 1978 aut
503 1917 633 1994 Malean,
654 1927 703 1977 aut
722 1919 781 1978 alta
803 1916 945 1978 Ceraunia
966 1935 1055 1997 supra

285 2001 443 2062 Cessantes
464 2004 492 2062 in
511 2002 587 2063 nube
608 2003 712 2062 sedent
731 2003 881 2081 nigrisque
900 2003 1036 2080 leguntur

286 2085 417 2147 Collibus
440 2096 469 2147 et
490 2086 602 2146 subitae
625 2087 731 2147 saliunt
750 2088 779 2145 in
797 2086 864 2146 vela
885 2087 1050 2166 procellae,

285 2172 364 2232 Talis
386 2172 553 2248 Agenoreis
570 2170 709 2248 Argivum
731 2173 880 2230 exercitas
901 2172 986 2231 armis

285 2256 435 2324 Obruitur;
456 2273 515 2316 non
536 2272 588 2315 ora
608 2257 716 2330 virum,
738 2272 797 2315 non
817 2264 939 2334 pectora
959 2255 1049 2316 flectit
1155 2300 1157 2305 .

284 2341 381 2403 Imber
401 2351 500 2417 atrox,
519 2351 676 2419 rectosque
698 2349 798 2400 tenent
817 2341 847 2399 iu
868 2341 982 2400 moenia
1004 2340 1098 2401 vultus

283 2425 463 2487 inmemores
483 2426 533 2486 leti
559 2435 588 2486 et
609 2434 716 2485 tantum
736 2442 790 2487 sua
809 2424 869 2485 tela
889 2425 1031 2485 videntes.

284 2510 400 2571 Anthea
422 2510 529 2571 falcato
552 2510 719 2571 lustrantem
741 2511 856 2570 moenia
876 2528 961 2570 curru

284 2596 420 2674 Desuper
440 2594 573 2673 Ogygiae
594 2594 707 2675 pepulit
727 2596 827 2673 gravis
845 2595 960 2674 inpetus
982 2595 1093 2655 hastae.

285 2679 360 2740 hora
380 2698 504 2741 excussa
524 2698 623 2755 mauu,
646 2689 786 2759 retroque
806 2681 837 2739 in
860 2689 944 2758 terga
963 2681 1080 2741 uolutus

286 2765 475 2824 semianimos
497 2773 575 2824 artus
597 2765 694 2825 ocreis
714 2763 905 2825 retinentibus
924 2764 1042 2833 haeret;

286 2846 444 2908 Mirandum
464 2849 528 2908 visu
546 2846 619 2908 belli
636 2848 749 2908 scelus!
772 2866 851 2915 arma
870 2847 1031 2923 trahuntur,

286 2931 603 3009 fumantesque-rotae
620 2931 755 2992 tellurem
777 2932 927 2991 attentius
946 2931 1047 2991 hastae

288 3016 392 3076 Sulcus
410 3024 504 3083 araut;
524 3015 614 3092 longo
635 3017 767 3094 sequitur
785 3034 860 3094 vaga
878 3016 1002 3095 pulvere
1023 3016 1135 3092 cervix,

288 3100 325 3160 Et
344 3101 543 3179 resupinarum
561 3108 642 3179 patet
662 3100 757 3161 orbita
777 3100 836 3162 lata
857 3116 1013 3161 cumarum.
1092 3166 1095 3173 ,

351 3185 389 3245 At
411 3184 479 3246 tuba
497 3184 632 3245 luctificis
654 3184 750 3264 pulsat
771 3185 957 3262 clangoribus
977 3183 1090 3262 urbem,

289 3270 492 3349 0bseptasque
514 3269 595 3330 fores
619 3271 714 3330 sonitu
736 3269 891 3349 perfringit
911 3286 1019 3331 amaro.

288 3356 423 3416 Divisere
444 3355 555 3430 aditus,
579 3355 714 3434 omnique
736 3355 764 3414 in
781 3354 878 3415 limine
902 3373 1008 3415 saevus
1075 3395 1079 3427 2

289 3438 417 3517 Signifer
436 3448 503 3500 ante
525 3456 627 3500 omnes
645 3452 698 3500 sua
719 3439 820 3501 damna
839 3448 869 3500 et
888 3439 993 3518 gaudia
1010 3446 1115 3518 portat.
1228 3447 1279 3500 555

288 3525 359 3584 Dira
381 3526 454 3584 intus
474 3523 582 3601 facies,
600 3525 650 3583 vix
670 3521 788 3584 Mavors
808 3526 874 3606 ipse
889 3525 1014 3585 videndo

290 3608 436 3676 Gaudeat;
458 3608 578 3669 incertis
598 3607 773 3687 lymphatam
792 3607 964 3671 horroribus
986 3607 1086 3671 urbem

289 3693 427 3754 Scindunt
448 3693 581 3753 dissensu
601 3695 683 3755 vario
705 3693 859 3774 luctusque
876 3694 1015 3774 furorque

289 3777 326 3837 Et
348 3796 440 3858 pavor
465 3787 495 3839 et
516 3779 613 3841 caecis
631 3778 703 3860 fuga
719 3778 905 3844 circumfusa
916 3778 1071 3841 teueloms.
