3134 4434
575 470 776 521 0000001000
804 471 874 521 mu.
897 471 946 520 1x.
1200 459 1258 520 195

263 627 322 688 Ter
341 636 442 705 quater
463 628 608 707 oppositi,
631 636 766 706 quantum
784 629 826 687 ira
845 629 977 707 deusque
998 627 1149 705 valebant,
1253 676 1257 681 .

262 713 369 792 Inpulit
389 730 562 791 assurgens:
584 714 699 773 tandem
717 713 843 788 vestigia
859 713 957 788 'llexit,
1208 721 1260 777 080

263 798 485 875 Excussamque
506 815 590 857 manu
608 798 735 874 tegimen
755 813 956 876 conversaque
974 797 1054 858 lente

263 883 359 959 Terga
381 881 486 951 reiert;
508 883 614 942 instant
635 882 744 958 undae,
765 883 953 960 sequiturque
976 881 1121 942 labantem

263 968 363 1027 Amnis
381 983 490 1043 ovans,
515 985 572 1026 neo
592 983 651 1026 non
672 967 751 1027 saxis
772 975 802 1026 et
822 967 964 1045 grandine
984 965 1055 1027 lerri

261 1051 399 1130 Desuper
420 1051 557 1112 infestant
576 1050 655 1128 Tyrii
677 1053 853 1132 geminoque
874 1051 1022 1130 repellunt

263 1135 401 1213 Aggere;
426 1135 495 1215 quid
510 1136 599 1197 faciat
619 1136 706 1197 bellis
729 1135 871 1196 obsessus
892 1145 922 1196 et
941 1133 1046 1196 nudis?
1210 1147 1263 1201 000

262 1220 327 1281 Νο0
348 1220 417 1297 iuga
438 1223 493 1281 iam
512 1222 638 1298 misero,
659 1239 715 1280 nec
736 1239 858 1299 magnae
882 1222 966 1299 copia
987 1222 1097 1280 mortis.

329 1304 430 1365 Stabat
451 1307 617 1383 gramineae
638 1306 778 1384 producta
802 1306 952 1385 crepidine
973 1306 1055 1383 ripae

264 1390 408 1451 Undarum
431 1409 466 1450 ac
488 1399 585 1450 terrae
607 1390 713 1466 dubio,
735 1391 789 1450 sed
811 1391 930 1455 amicior
951 1390 1035 1450 undis

263 1475 405 1535 Fraxinus
428 1476 595 1554 ingentique
616 1476 722 1535 vadum
742 1475 919 1554 possederat
938 1474 1047 1534 umbra.

264 1559 353 1618 liuius
372 1576 458 1638 opem
477 1593 521 1606 —-
540 1577 605 1619 nam
623 1577 679 1638 qna
701 1569 796 1620 terras
817 1556 988 1619 inuaderet?
1007 1591 1049 1606 —-
1069 1578 1142 1621 unca
1214 1569 1264 1624 495

264 1644 396 1722 Arripuit
417 1644 538 1720 dextra,
561 1663 617 1705 nec
637 1644 755 1725 pertulit
776 1644 828 1705 illa
850 1644 1027 1710 trahentem

265 1728 325 1788 Sed
347 1729 456 1788 maiore
479 1747 582 1807 snpra,
606 1747 690 1808 quam
709 1728 805 1790 stabat
827 1729 957 1808 pondere
980 1730 1055 1788 victa

265 1813 409 1890 Solvitur,
434 1821 463 1872 et
484 1831 541 1892 qua
562 1824 664 1892 stagna
685 1813 762 1875 subit
781 1814 882 1875 radice
903 1813 1068 1893 quibusque

263 1898 404 1958 Arentem
424 1899 575 1959 mordebat
597 1899 727 1975 humum,
747 1899 872 1959 demissa
894 1917 1022 1977 superne

264 1982 367 2043 iniecit
388 1982 502 2061 trepido
521 2002 588 2044 sese
606 1985 773 2063 ripamque,
796 2002 852 2044 nec
873 1983 948 2043 ultra
1212 1995 1264 2046 500

265 2067 418 2127 Passurum
439 2067 550 2128 subitae
572 2068 691 2129 vallavit
710 2077 800 2147 ponte
822 2068 931 2128 ruinae.

265 2152 328 2212 lluo
349 2153 445 2212 undae
465 2161 587 2228 coeunt,
610 2162 640 2212 et
661 2151 848 2213 ineluctabile
869 2169 992 2212 coenum

264 2236 491 2316 vorticibusque
514 2238 593 2297 cavis
613 2238 703 2310 sedit,
726 2238 893 2314 crescitque
915 2233 1089 2296 barathrum.

265 2319 382 2399 Iamque
403 2321 556 2397 humeros,
573 2323 629 2381 iam
652 2321 731 2382 colla
752 2320 834 2381 ducis
852 2323 968 2381 sinuosa
990 2335 1101 2397 vorago

267 2403 389 2473 Circeia
413 2405 461 2466 bic
479 2406 592 2467 demum
614 2407 707 2467 victus
730 2424 866 2484 suprema
887 2406 972 2466 fateri
1212 2417 1262 2468 505

264 2488 431 2550 Exclamat:
454 2490 630 2568 ‘Fluvione,
653 2490 756 2569 pudet!
779 2489 856 2552 biars
875 2491 990 2565 inclite,
1010 2506 1128 2566 merges

264 2573 345 2635 Hanc
367 2573 511 2635 animam?
535 2595 701 2656 segnesque
722 2577 805 2637 lacus
828 2586 858 2637 et
878 2585 980 2654 stagna
1003 2573 1107 2633 subibo

266 2658 328 2718 Ceu
348 2662 466 2739 pecoris
487 2671 603 2737 custos,
627 2661 714 2722 subiti
732 2663 870 2722 torrentis
892 2662 997 2740 iniquis

264 2742 446 2822 interceptus
466 2744 570 2825 aquis?
592 2746 706 2807 adeone
729 2746 908 2807 occumbere
927 2747 1007 2806 ferro

265 2827 331 2886 Non
351 2826 480 2888 meruil’
517 2828 644 2891 Tandem
667 2830 803 2908 precibus
827 2839 967 2890 commota
989 2830 1148 2891 Tonantem
1211 2844 1263 2895 510

264 2910 336 2971 luno
359 2912 450 2972 subit:
473 2912 624 2986 ‘Quonam
644 2915 786 2991 miseros,
812 2923 893 2974 sator
913 2914 1010 2975 inclite
1030 2915 1135 2991 dirum,

264 2995 431 3073 Inachidas,
453 3015 577 3075 quonam
595 3016 689 3077 usqne
712 2995 851 3077 premes?
873 3001 930 3059 iam
950 2999 1048 3060 Pallas
1068 3009 1097 3059 et
1120 3001 1180 3061 odit

266 3081 383 3157 Tydea,
407 3082 462 3142 iam
483 3092 567 3161 rapto
589 3091 740 3143 tacuerunt
762 3101 873 3161 augure
894 3083 1012 3162 Delphi.

265 3165 311 3226 En
332 3183 413 3226 mens
430 3165 648 3245 Hippomedon,
670 3169 716 3227 cui
735 3170 830 3244 gentis
853 3171 937 3246 origo
956 3167 1098 3243 Mycenae
1120 3206 1123 3213 =

264 3251 455 3331 Argolicique
476 3252 573 3330 lares,
592 3269 755 3332 numenque
775 3262 841 3314 aute
864 3255 957 3314 omnia
979 3253 1066 3330 luno,
1089 3287 1130 3300 -«
1213 3267 1264 3319 515

266 3338 315 3396 Sic
338 3354 396 3414 ego
416 3337 470 3398 lida
492 3335 587 3399 meisi
609 3371 652 3385 -
672 3338 772 3416 pelagi
794 3338 960 3400 crudelibus
982 3337 1034 3399 ibit

264 3421 375 3482 Praeda
397 3419 490 3482 ieris?
512 3433 593 3484 certe
612 3423 736 3484 tumulos
758 3440 954 3504 supremoque
972 3424 1056 3484 victis

265 3504 352 3566 Busta
370 3505 473 3575 dabas;
496 3508 546 3568 ubi
567 3507 731 3586 Cecropiae
753 3516 822 3587 post
841 3507 955 3586 proelia
972 3505 1124 3570 flammea?

264 3588 397 3650 'lircseos
418 3592 493 3668 ignis
510 3593 559 3654 ubi
580 3589 662 3653 estl'
703 3591 769 3653 Non
790 3593 901 3673 spernit
923 3595 1055 3672 coniugis
1075 3611 1183 3672 aequas

262 3672 318 3734 Ille
341 3693 464 3754 preces,
489 3677 651 3758 leviterque
672 3678 775 3739 oculos
797 3679 834 3740 ad
855 3679 969 3740 moenia
989 3676 1095 3740 Cadmi
1216 3689 1277 3734 aas

265 3756 400 3837 Rettulit,
426 3770 455 3822 et
475 3763 539 3824 riso
557 3763 700 3828 sederunt
721 3764 950 3828 dominantum.
1070 3832 1143 3894 W
