<?xml version="1.0" encoding="UTF-8"?>
<!DOCTYPE html PUBLIC "-//W3C//DTD XHTML 1.0 Transitional//EN"
    "http://www.w3.org/TR/xhtml1/DTD/xhtml1-transitional.dtd">
<html xmlns="http://www.w3.org/1999/xhtml" xml:lang="en" lang="en">
 <head>
  <title>
</title>
<meta http-equiv="Content-Type" content="text/html;charset=utf-8" />
  <meta name='ocr-system' content='tesseract 3.04.00' />
  <meta name='ocr-capabilities' content='ocr_page ocr_carea ocr_par ocr_line ocrx_word'/>
</head>
<body>
  <div class='ocr_page' id='page_1' title='image "./publiuspapinius00quecgoog/publiuspapinius00quecgoog_0059.png"; bbox 0 0 3134 4434; ppageno 0'>
   <div class='ocr_carea' id='block_1_1' title="bbox 620 450 895 504">
    <p class='ocr_par' dir='ltr' id='par_1_1' title="bbox 620 450 895 504">
     <span class='ocr_line' id='line_1_1' title="bbox 620 450 895 504; baseline 0.015 -4"><span class='ocrx_word' id='word_1_1' title='bbox 620 450 801 502; x_wconf 72' lang='lat' dir='ltr'><strong>stuvasou</strong></span> <span class='ocrx_word' id='word_1_2' title='bbox 823 454 856 504; x_wconf 73' lang='lat' dir='ltr'><strong>n.</strong></span> <span class='ocrx_word' id='word_1_3' title='bbox 872 456 895 503; x_wconf 90' lang='lat'><strong>1.</strong></span> 
     </span>
    </p>
   </div>
   <div class='ocr_carea' id='block_1_2' title="bbox 250 604 958 3804">
    <p class='ocr_par' dir='ltr' id='par_1_2' title="bbox 256 604 813 685">
     <span class='ocr_line' id='line_1_2' title="bbox 256 604 813 685; baseline 0.009 -22"><span class='ocrx_word' id='word_1_4' title='bbox 256 604 405 685; x_wconf 79' lang='lat' dir='ltr'><strong>Quidquid</strong></span> <span class='ocrx_word' id='word_1_5' title='bbox 424 604 525 666; x_wconf 81' lang='lat' dir='ltr'>nobile</span> <span class='ocrx_word' id='word_1_6' title='bbox 547 606 676 668; x_wconf 77' lang='lat' dir='ltr'><strong>Ponticis</strong></span> <span class='ocrx_word' id='word_1_7' title='bbox 697 611 813 669; x_wconf 76' lang='lat' dir='ltr'><strong>nudetis</strong></span> 
     </span>
    </p>

    <p class='ocr_par' dir='ltr' id='par_1_3' title="bbox 254 689 840 769">
     <span class='ocr_line' id='line_1_3' title="bbox 254 689 840 769; baseline 0.009 -21"><span class='ocrx_word' id='word_1_8' title='bbox 254 689 424 750; x_wconf 85' lang='lat' dir='ltr'><strong>Foeouudis</strong></span> <span class='ocrx_word' id='word_1_9' title='bbox 448 690 524 750; x_wconf 85' lang='lat' dir='ltr'><strong>eadit</strong></span> <span class='ocrx_word' id='word_1_10' title='bbox 546 701 595 751; x_wconf 86' lang='lat' dir='ltr'><strong>aut</strong></span> <span class='ocrx_word' id='word_1_11' title='bbox 615 693 691 768; x_wconf 82' lang='lat' dir='ltr'><strong>iugis</strong></span> <span class='ocrx_word' id='word_1_12' title='bbox 712 693 840 769; x_wconf 79' lang='lat' dir='ltr'><strong>idomas,</strong></span> 
     </span>
    </p>

    <p class='ocr_par' dir='ltr' id='par_1_4' title="bbox 256 773 958 854">
     <span class='ocr_line' id='line_1_4' title="bbox 256 773 958 854; baseline 0.007 -20"><span class='ocrx_word' id='word_1_13' title='bbox 256 773 344 848; x_wconf 79' lang='lat' dir='ltr'><strong>Quod</strong></span> <span class='ocrx_word' id='word_1_14' title='bbox 364 774 452 833; x_wconf 85' lang='lat' dir='ltr'><strong>ramis</strong></span> <span class='ocrx_word' id='word_1_15' title='bbox 475 775 523 853; x_wconf 91' lang='lat' dir='ltr'><strong>pia</strong></span> <span class='ocrx_word' id='word_1_16' title='bbox 546 777 688 852; x_wconf 80' lang='lat' dir='ltr'><strong>germinat</strong></span> <span class='ocrx_word' id='word_1_17' title='bbox 706 776 878 854; x_wconf 79' lang='lat' dir='ltr'>Damascus,</span> <span class='ocrx_word' id='word_1_18' title='bbox 955 800 958 805; x_wconf 92' lang='lat'>·</span> 
     </span>
    </p>

    <p class='ocr_par' dir='ltr' id='par_1_5' title="bbox 252 856 840 938">
     <span class='ocr_line' id='line_1_5' title="bbox 252 856 840 938; baseline 0.009 -21"><span class='ocrx_word' id='word_1_19' title='bbox 252 856 294 925; x_wconf 68' lang='lat' dir='ltr'><strong>‚Et</strong></span> <span class='ocrx_word' id='word_1_20' title='bbox 317 876 390 937; x_wconf 89' lang='lat' dir='ltr'><strong>quas</strong></span> <span class='ocrx_word' id='word_1_21' title='bbox 412 861 567 938; x_wconf 68' lang='lat' dir='ltr'><strong>percoquit</strong></span> <span class='ocrx_word' id='word_1_22' title='bbox 589 859 698 920; x_wconf 79' lang='lat' dir='ltr'><strong>Ebosia</strong></span> <span class='ocrx_word' id='word_1_23' title='bbox 722 879 840 938; x_wconf 82' lang='lat' dir='ltr'><strong>annuas,</strong></span> 
     </span>
    </p>

    <p class='ocr_par' dir='ltr' id='par_1_6' title="bbox 256 941 775 1023">
     <span class='ocr_line' id='line_1_6' title="bbox 256 941 775 1023; baseline 0.002 -21"><span class='ocrx_word' id='word_1_24' title='bbox 256 941 362 1020; x_wconf 79' lang='lat' dir='ltr'><strong>bargis</strong></span> <span class='ocrx_word' id='word_1_25' title='bbox 381 945 536 1019; x_wconf 82' lang='lat' dir='ltr'><strong>gratuitum</strong></span> <span class='ocrx_word' id='word_1_26' title='bbox 558 944 635 1004; x_wconf 82' lang='lat' dir='ltr'><strong>cadit</strong></span> <span class='ocrx_word' id='word_1_27' title='bbox 657 948 775 1023; x_wconf 86' lang='lat' dir='ltr'><strong>rapinis.</strong></span> 
     </span>
    </p>

    <p class='ocr_par' dir='ltr' id='par_1_7' title="bbox 256 1025 735 1107">
     <span class='ocr_line' id='line_1_7' title="bbox 256 1025 735 1107; baseline 0.002 -20"><span class='ocrx_word' id='word_1_28' title='bbox 256 1025 366 1087; x_wconf 83' lang='lat' dir='ltr'><strong>llolles</strong></span> <span class='ocrx_word' id='word_1_29' title='bbox 387 1027 500 1086; x_wconf 84' lang='lat' dir='ltr'><strong>caseoli</strong></span> <span class='ocrx_word' id='word_1_30' title='bbox 520 1028 735 1107; x_wconf 85' lang='lat' dir='ltr'><strong>luounonliquo,</strong></span> 
     </span>
    </p>

    <p class='ocr_par' dir='ltr' id='par_1_8' title="bbox 256 1109 810 1192">
     <span class='ocr_line' id='line_1_8' title="bbox 256 1109 810 1192; baseline 0.004 -21"><span class='ocrx_word' id='word_1_31' title='bbox 256 1109 296 1171; x_wconf 84' lang='lat' dir='ltr'><strong>Et</strong></span> <span class='ocrx_word' id='word_1_32' title='bbox 318 1112 422 1171; x_wconf 88' lang='lat' dir='ltr'><strong>massis</strong></span> <span class='ocrx_word' id='word_1_33' title='bbox 445 1111 581 1172; x_wconf 79' lang='lat' dir='ltr'><strong>Amerina</strong></span> <span class='ocrx_word' id='word_1_34' title='bbox 602 1128 661 1172; x_wconf 89' lang='lat' dir='ltr'><strong>uon</strong></span> <span class='ocrx_word' id='word_1_35' title='bbox 682 1115 810 1192; x_wconf 84' lang='lat' dir='ltr'><strong>perustis</strong></span> 
     </span>
    </p>

    <p class='ocr_par' dir='ltr' id='par_1_9' title="bbox 257 1194 789 1277">
     <span class='ocr_line' id='line_1_9' title="bbox 257 1194 789 1277; baseline 0.002 -21"><span class='ocrx_word' id='word_1_36' title='bbox 257 1194 298 1256; x_wconf 79' lang='lat' dir='ltr'><strong>Et</strong></span> <span class='ocrx_word' id='word_1_37' title='bbox 318 1204 486 1256; x_wconf 77' lang='lat' dir='ltr'>mustaceus</span> <span class='ocrx_word' id='word_1_38' title='bbox 512 1206 540 1257; x_wconf 88' lang='lat' dir='ltr'><strong>et</strong></span> <span class='ocrx_word' id='word_1_39' title='bbox 562 1197 672 1257; x_wconf 85' lang='lat' dir='ltr'><strong>latente</strong></span> <span class='ocrx_word' id='word_1_40' title='bbox 696 1199 789 1277; x_wconf 81' lang='lat' dir='ltr'><strong>palma</strong></span> 
     </span>
    </p>

    <p class='ocr_par' dir='ltr' id='par_1_10' title="bbox 255 1279 822 1356">
     <span class='ocr_line' id='line_1_10' title="bbox 255 1279 822 1356; baseline -0.002 -16"><span class='ocrx_word' id='word_1_41' title='bbox 255 1279 459 1356; x_wconf 80' lang='lat' dir='ltr'><strong>Praegnantes</strong></span> <span class='ocrx_word' id='word_1_42' title='bbox 479 1282 645 1356; x_wconf 72' lang='lat' dir='ltr'><strong>caryotides</strong></span> <span class='ocrx_word' id='word_1_43' title='bbox 668 1282 822 1342; x_wconf 74' lang='lat' dir='ltr'><strong>ardebant.</strong></span> 
     </span>
    </p>

    <p class='ocr_par' dir='ltr' id='par_1_11' title="bbox 256 1363 816 1440">
     <span class='ocr_line' id='line_1_11' title="bbox 256 1363 816 1440; baseline 0.004 -16"><span class='ocrx_word' id='word_1_44' title='bbox 256 1363 324 1425; x_wconf 87' lang='lat' dir='ltr'><strong>Non</strong></span> <span class='ocrx_word' id='word_1_45' title='bbox 346 1365 432 1424; x_wconf 88' lang='lat' dir='ltr'><strong>tantis</strong></span> <span class='ocrx_word' id='word_1_46' title='bbox 452 1363 531 1440; x_wconf 81' lang='lat' dir='ltr'><strong>llyas</strong></span> <span class='ocrx_word' id='word_1_47' title='bbox 553 1367 687 1426; x_wconf 87' lang='lat' dir='ltr'><strong>inserena</strong></span> <span class='ocrx_word' id='word_1_48' title='bbox 709 1366 816 1426; x_wconf 88' lang='lat' dir='ltr'><strong>nimbis</strong></span> 
     </span>
    </p>

    <p class='ocr_par' dir='ltr' id='par_1_12' title="bbox 256 1448 825 1525">
     <span class='ocr_line' id='line_1_12' title="bbox 256 1448 825 1525; baseline 0.002 -16"><span class='ocrx_word' id='word_1_49' title='bbox 256 1448 367 1509; x_wconf 84' lang='lat' dir='ltr'><strong>Terras</strong></span> <span class='ocrx_word' id='word_1_50' title='bbox 387 1448 553 1509; x_wconf 65' lang='lat' dir='ltr'><strong>obruitmut</strong></span> <span class='ocrx_word' id='word_1_51' title='bbox 575 1449 670 1511; x_wconf 80' lang='lat' dir='ltr'><strong>soluta</strong></span> <span class='ocrx_word' id='word_1_52' title='bbox 692 1450 799 1525; x_wconf 78' lang='lat' dir='ltr'><strong>Pleias,</strong></span> <span class='ocrx_word' id='word_1_53' title='bbox 822 1478 825 1485; x_wconf 96' lang='lat'>·</span> 
     </span>
    </p>

    <p class='ocr_par' dir='ltr' id='par_1_13' title="bbox 258 1530 809 1610">
     <span class='ocr_line' id='line_1_13' title="bbox 258 1530 809 1610; baseline 0.005 -19"><span class='ocrx_word' id='word_1_54' title='bbox 258 1532 345 1606; x_wconf 89' lang='lat' dir='ltr'><strong>Quali</strong></span> <span class='ocrx_word' id='word_1_55' title='bbox 367 1550 422 1610; x_wconf 87' lang='lat' dir='ltr'><strong>per</strong></span> <span class='ocrx_word' id='word_1_56' title='bbox 445 1530 556 1594; x_wconf 80' lang='lat' dir='ltr'><strong>cuneos</strong></span> <span class='ocrx_word' id='word_1_57' title='bbox 577 1534 809 1595; x_wconf 80' lang='lat' dir='ltr'><strong>hiems-latinos</strong></span> 
     </span>
    </p>

    <p class='ocr_par' dir='ltr' id='par_1_14' title="bbox 254 1615 856 1694">
     <span class='ocr_line' id='line_1_14' title="bbox 254 1615 856 1694; baseline 0 -16"><span class='ocrx_word' id='word_1_58' title='bbox 254 1615 377 1678; x_wconf 83' lang='lat' dir='ltr'><strong>Plebem</strong></span> <span class='ocrx_word' id='word_1_59' title='bbox 397 1617 537 1694; x_wconf 79' lang='lat' dir='ltr'><strong>grandine</strong></span> <span class='ocrx_word' id='word_1_60' title='bbox 560 1620 688 1679; x_wconf 84' lang='lat' dir='ltr'><strong>oouoatit</strong></span> <span class='ocrx_word' id='word_1_61' title='bbox 712 1634 856 1681; x_wconf 82' lang='lat' dir='ltr'><strong>serenam.</strong></span> 
     </span>
    </p>

    <p class='ocr_par' dir='ltr' id='par_1_15' title="bbox 255 1700 825 1782">
     <span class='ocr_line' id='line_1_15' title="bbox 255 1700 825 1782; baseline 0.009 -22"><span class='ocrx_word' id='word_1_62' title='bbox 255 1700 353 1761; x_wconf 84' lang='lat' dir='ltr'>Ducat</span> <span class='ocrx_word' id='word_1_63' title='bbox 374 1701 480 1762; x_wconf 82' lang='lat' dir='ltr'><strong>nubilat</strong></span> <span class='ocrx_word' id='word_1_64' title='bbox 493 1701 700 1782; x_wconf 80' lang='lat' dir='ltr'><strong>luppiterpen</strong></span> <span class='ocrx_word' id='word_1_65' title='bbox 722 1701 825 1765; x_wconf 83' lang='lat' dir='ltr'><strong>orbem</strong></span> 
     </span>
    </p>

    <p class='ocr_par' dir='ltr' id='par_1_16' title="bbox 254 1783 772 1864">
     <span class='ocr_line' id='line_1_16' title="bbox 254 1783 772 1864; baseline 0.004 -20"><span class='ocrx_word' id='word_1_66' title='bbox 254 1783 295 1845; x_wconf 84' lang='lat' dir='ltr'><strong>Et</strong></span> <span class='ocrx_word' id='word_1_67' title='bbox 316 1785 383 1845; x_wconf 87' lang='lat' dir='ltr'><strong>latis</strong></span> <span class='ocrx_word' id='word_1_68' title='bbox 405 1785 519 1864; x_wconf 77' lang='lat' dir='ltr'><strong>pluries</strong></span> <span class='ocrx_word' id='word_1_69' title='bbox 538 1788 772 1864; x_wconf 75' lang='lat' dir='ltr'><strong>mineum-agris,</strong></span> 
     </span>
    </p>

    <p class='ocr_par' dir='ltr' id='par_1_17' title="bbox 255 1867 950 2036">
     <span class='ocr_line' id='line_1_17' title="bbox 255 1867 887 1933; baseline 0.003 -5"><span class='ocrx_word' id='word_1_70' title='bbox 255 1867 336 1929; x_wconf 84' lang='lat' dir='ltr'><strong>Dum·</strong></span> <span class='ocrx_word' id='word_1_71' title='bbox 355 1872 446 1929; x_wconf 80' lang='lat' dir='ltr'><strong>nostri</strong></span> <span class='ocrx_word' id='word_1_72' title='bbox 466 1870 605 1932; x_wconf 84' lang='lat' dir='ltr'><strong>lovis-hi</strong></span> <span class='ocrx_word' id='word_1_73' title='bbox 618 1871 748 1931; x_wconf 74' lang='lat' dir='ltr'><strong>lerenius</strong></span> <span class='ocrx_word' id='word_1_74' title='bbox 767 1872 887 1933; x_wconf 87' lang='lat' dir='ltr'><strong>imbres.</strong></span> 
     </span>
     <span class='ocr_line' id='line_1_18' title="bbox 321 1952 950 2036; baseline 0.01 -24"><span class='ocrx_word' id='word_1_75' title='bbox 321 1952 405 2015; x_wconf 81' lang='lat' dir='ltr'><strong>Eoos</strong></span> <span class='ocrx_word' id='word_1_76' title='bbox 425 1964 522 2017; x_wconf 83' lang='lat' dir='ltr'><strong>autem</strong></span> <span class='ocrx_word' id='word_1_77' title='bbox 545 1972 653 2017; x_wconf 77' lang='lat' dir='ltr'><strong>caveas</strong></span> <span class='ocrx_word' id='word_1_78' title='bbox 677 1955 830 2036; x_wconf 79' lang='lat' dir='ltr'><strong>subit-per</strong></span> <span class='ocrx_word' id='word_1_79' title='bbox 847 1975 950 2018; x_wconf 89' lang='lat' dir='ltr'><strong>omnes</strong></span> 
     </span>
    </p>

    <p class='ocr_par' dir='ltr' id='par_1_18' title="bbox 255 2038 879 2117">
     <span class='ocr_line' id='line_1_19' title="bbox 255 2038 879 2117; baseline 0.002 -18"><span class='ocrx_word' id='word_1_80' title='bbox 255 2038 383 2116; x_wconf 80' lang='lat' dir='ltr'><strong>Insignis</strong></span> <span class='ocrx_word' id='word_1_81' title='bbox 404 2041 506 2117; x_wconf 84' lang='lat' dir='ltr'><strong>specie</strong></span> <span class='ocrx_word' id='word_1_82' title='bbox 529 2039 638 2100; x_wconf 84' lang='lat' dir='ltr'><strong>deeora</strong></span> <span class='ocrx_word' id='word_1_83' title='bbox 661 2040 739 2100; x_wconf 81' lang='lat' dir='ltr'><strong>cultu</strong></span> <span class='ocrx_word' id='word_1_84' title='bbox 778 2068 780 2085; x_wconf 90' lang='lat'><em>=</em></span> <span class='ocrx_word' id='word_1_85' title='bbox 875 2062 879 2071; x_wconf 91' lang='lat'><em>·</em></span> 
     </span>
    </p>

    <p class='ocr_par' dir='ltr' id='par_1_19' title="bbox 255 2122 844 2200">
     <span class='ocr_line' id='line_1_20' title="bbox 255 2122 844 2200; baseline 0.002 -16"><span class='ocrx_word' id='word_1_86' title='bbox 255 2122 367 2184; x_wconf 83' lang='lat' dir='ltr'><strong>Plebes</strong></span> <span class='ocrx_word' id='word_1_87' title='bbox 389 2124 498 2200; x_wconf 84' lang='lat' dir='ltr'><strong>altera,</strong></span> <span class='ocrx_word' id='word_1_88' title='bbox 520 2141 577 2184; x_wconf 89' lang='lat' dir='ltr'><strong>nou</strong></span> <span class='ocrx_word' id='word_1_89' title='bbox 597 2125 691 2183; x_wconf 90' lang='lat' dir='ltr'><strong>minor</strong></span> <span class='ocrx_word' id='word_1_90' title='bbox 711 2125 844 2185; x_wconf 86' lang='lat' dir='ltr'><strong>sedente.</strong></span> 
     </span>
    </p>

    <p class='ocr_par' dir='ltr' id='par_1_20' title="bbox 254 2208 793 2287">
     <span class='ocr_line' id='line_1_21' title="bbox 254 2208 793 2287; baseline -0.002 -19"><span class='ocrx_word' id='word_1_91' title='bbox 254 2208 291 2268; x_wconf 91' lang='lat' dir='ltr'><strong>lli</strong></span> <span class='ocrx_word' id='word_1_92' title='bbox 313 2209 436 2286; x_wconf 86' lang='lat' dir='ltr'><strong>panaria</strong></span> <span class='ocrx_word' id='word_1_93' title='bbox 455 2208 654 2286; x_wconf 75' lang='lat' dir='ltr'><strong>candidasque</strong></span> <span class='ocrx_word' id='word_1_94' title='bbox 671 2225 793 2287; x_wconf 81' lang='lat' dir='ltr'><strong>mappas</strong></span> 
     </span>
    </p>

    <p class='ocr_par' dir='ltr' id='par_1_21' title="bbox 256 2291 798 2371">
     <span class='ocr_line' id='line_1_22' title="bbox 256 2291 798 2371; baseline 0 -19"><span class='ocrx_word' id='word_1_95' title='bbox 256 2291 437 2352; x_wconf 86' lang='lat' dir='ltr'><strong>Subveotaut</strong></span> <span class='ocrx_word' id='word_1_96' title='bbox 459 2292 620 2371; x_wconf 83' lang='lat' dir='ltr'><strong>epulasque</strong></span> <span class='ocrx_word' id='word_1_97' title='bbox 635 2292 798 2360; x_wconf 86' lang='lat' dir='ltr'><strong>·laatiores;</strong></span> 
     </span>
    </p>

    <p class='ocr_par' dir='ltr' id='par_1_22' title="bbox 258 2376 738 2454">
     <span class='ocr_line' id='line_1_23' title="bbox 258 2376 738 2454; baseline 0 -18"><span class='ocrx_word' id='word_1_98' title='bbox 258 2376 305 2437; x_wconf 94' lang='lat' dir='ltr'><strong>Illi</strong></span> <span class='ocrx_word' id='word_1_99' title='bbox 325 2376 454 2436; x_wconf 84' lang='lat' dir='ltr'><strong>marcida</strong></span> <span class='ocrx_word' id='word_1_100' title='bbox 474 2378 541 2437; x_wconf 81' lang='lat' dir='ltr'><strong>vina</strong></span> <span class='ocrx_word' id='word_1_101' title='bbox 562 2377 738 2454; x_wconf 78' lang='lat' dir='ltr'><strong>largiuntur:</strong></span> 
     </span>
    </p>

    <p class='ocr_par' dir='ltr' id='par_1_23' title="bbox 253 2459 796 2539">
     <span class='ocr_line' id='line_1_24' title="bbox 253 2459 796 2539; baseline 0 -19"><span class='ocrx_word' id='word_1_102' title='bbox 253 2459 363 2520; x_wconf 86' lang='lat' dir='ltr'><strong>Idaeos</strong></span> <span class='ocrx_word' id='word_1_103' title='bbox 387 2461 507 2520; x_wconf 89' lang='lat' dir='ltr'><strong>totidem</strong></span> <span class='ocrx_word' id='word_1_104' title='bbox 532 2470 618 2539; x_wconf 84' lang='lat' dir='ltr'><strong>putes</strong></span> <span class='ocrx_word' id='word_1_105' title='bbox 639 2462 796 2521; x_wconf 85' lang='lat' dir='ltr'><strong>ministros.</strong></span> 
     </span>
    </p>

    <p class='ocr_par' dir='ltr' id='par_1_24' title="bbox 255 2543 880 2625">
     <span class='ocr_line' id='line_1_25' title="bbox 255 2543 880 2625; baseline 0.006 -22"><span class='ocrx_word' id='word_1_106' title='bbox 255 2543 382 2619; x_wconf 82' lang='lat' dir='ltr'><strong>Orbem,</strong></span> <span class='ocrx_word' id='word_1_107' title='bbox 407 2562 462 2623; x_wconf 86' lang='lat' dir='ltr'><strong>qua</strong></span> <span class='ocrx_word' id='word_1_108' title='bbox 482 2545 587 2604; x_wconf 88' lang='lat' dir='ltr'><strong>melior</strong></span> <span class='ocrx_word' id='word_1_109' title='bbox 608 2548 801 2625; x_wconf 84' lang='lat' dir='ltr'><strong>severiorque</strong></span> <span class='ocrx_word' id='word_1_110' title='bbox 823 2557 880 2621; x_wconf 88' lang='lat' dir='ltr'><strong>est,</strong></span> 
     </span>
    </p>

    <p class='ocr_par' dir='ltr' id='par_1_25' title="bbox 254 2626 785 2706">
     <span class='ocr_line' id='line_1_26' title="bbox 254 2626 785 2706; baseline 0 -17"><span class='ocrx_word' id='word_1_111' title='bbox 254 2626 295 2689; x_wconf 83' lang='lat' dir='ltr'><strong>Et</strong></span> <span class='ocrx_word' id='word_1_112' title='bbox 316 2638 423 2705; x_wconf 80' lang='lat' dir='ltr'><strong>gentes</strong></span> <span class='ocrx_word' id='word_1_113' title='bbox 444 2628 498 2688; x_wconf 87' lang='lat' dir='ltr'><strong>alis</strong></span> <span class='ocrx_word' id='word_1_114' title='bbox 520 2629 633 2689; x_wconf 87' lang='lat' dir='ltr'><strong>insimul</strong></span> <span class='ocrx_word' id='word_1_115' title='bbox 655 2639 785 2706; x_wconf 68' lang='lat' dir='ltr'><strong>togatam</strong></span> 
     </span>
    </p>

    <p class='ocr_par' dir='ltr' id='par_1_26' title="bbox 254 2711 868 2793">
     <span class='ocr_line' id='line_1_27' title="bbox 254 2711 868 2793; baseline 0.005 -20"><span class='ocrx_word' id='word_1_116' title='bbox 254 2711 295 2773; x_wconf 85' lang='lat' dir='ltr'><strong>El</strong></span> <span class='ocrx_word' id='word_1_117' title='bbox 317 2729 404 2790; x_wconf 92' lang='lat' dir='ltr'><strong>quum</strong></span> <span class='ocrx_word' id='word_1_118' title='bbox 425 2722 468 2773; x_wconf 93' lang='lat' dir='ltr'><strong>tot</strong></span> <span class='ocrx_word' id='word_1_119' title='bbox 492 2713 620 2793; x_wconf 93' lang='lat' dir='ltr'><strong>populos</strong></span> <span class='ocrx_word' id='word_1_120' title='bbox 641 2713 728 2773; x_wconf 85' lang='lat' dir='ltr'><strong>beata</strong></span> <span class='ocrx_word' id='word_1_121' title='bbox 751 2734 868 2792; x_wconf 80' lang='lat' dir='ltr'><strong>pascas,</strong></span> 
     </span>
    </p>

    <p class='ocr_par' dir='ltr' id='par_1_27' title="bbox 254 2796 897 2877">
     <span class='ocr_line' id='line_1_28' title="bbox 254 2796 897 2877; baseline 0.002 -21"><span class='ocrx_word' id='word_1_122' title='bbox 254 2796 356 2871; x_wconf 88' lang='lat' dir='ltr'><strong>Hune,</strong></span> <span class='ocrx_word' id='word_1_123' title='bbox 380 2797 519 2874; x_wconf 84' lang='lat' dir='ltr'><strong>Annona,</strong></span> <span class='ocrx_word' id='word_1_124' title='bbox 543 2798 617 2858; x_wconf 88' lang='lat' dir='ltr'><strong>diem</strong></span> <span class='ocrx_word' id='word_1_125' title='bbox 640 2798 766 2877; x_wconf 86' lang='lat' dir='ltr'><strong>superba</strong></span> <span class='ocrx_word' id='word_1_126' title='bbox 788 2801 897 2860; x_wconf 83' lang='lat' dir='ltr'><strong>neseis.</strong></span> 
     </span>
    </p>

    <p class='ocr_par' dir='ltr' id='par_1_28' title="bbox 253 2879 858 2960">
     <span class='ocr_line' id='line_1_29' title="bbox 253 2879 858 2960; baseline 0.003 -19"><span class='ocrx_word' id='word_1_127' title='bbox 253 2879 367 2941; x_wconf 88' lang='lat' dir='ltr'><strong>louuo</strong></span> <span class='ocrx_word' id='word_1_128' title='bbox 390 2883 508 2942; x_wconf 83' lang='lat' dir='ltr'><strong>saecula</strong></span> <span class='ocrx_word' id='word_1_129' title='bbox 531 2899 686 2960; x_wconf 83' lang='lat' dir='ltr'><strong>compara,</strong></span> <span class='ocrx_word' id='word_1_130' title='bbox 709 2883 858 2955; x_wconf 77' lang='lat' dir='ltr'><strong>Voluntas,</strong></span> 
     </span>
    </p>

    <p class='ocr_par' dir='ltr' id='par_1_29' title="bbox 254 2964 834 3044">
     <span class='ocr_line' id='line_1_30' title="bbox 254 2964 834 3044; baseline 0.003 -20"><span class='ocrx_word' id='word_1_131' title='bbox 254 2964 377 3043; x_wconf 77' lang='lat' dir='ltr'><strong>Antiqui</strong></span> <span class='ocrx_word' id='word_1_132' title='bbox 403 2964 481 3025; x_wconf 90' lang='lat' dir='ltr'><strong>lovis</strong></span> <span class='ocrx_word' id='word_1_133' title='bbox 504 2984 680 3043; x_wconf 85' lang='lat' dir='ltr'><strong>aureumque</strong></span> <span class='ocrx_word' id='word_1_134' title='bbox 705 2977 834 3044; x_wconf 85' lang='lat' dir='ltr'><strong>tempus:</strong></span> 
     </span>
    </p>

    <p class='ocr_par' dir='ltr' id='par_1_30' title="bbox 253 3049 837 3125">
     <span class='ocr_line' id='line_1_31' title="bbox 253 3049 837 3125; baseline 0 -15"><span class='ocrx_word' id='word_1_135' title='bbox 253 3049 323 3110; x_wconf 89' lang='lat' dir='ltr'><strong>Nou</strong></span> <span class='ocrx_word' id='word_1_136' title='bbox 345 3050 389 3109; x_wconf 87' lang='lat' dir='ltr'><strong>sio</strong></span> <span class='ocrx_word' id='word_1_137' title='bbox 409 3050 501 3109; x_wconf 86' lang='lat' dir='ltr'><strong>libera</strong></span> <span class='ocrx_word' id='word_1_138' title='bbox 521 3051 586 3109; x_wconf 90' lang='lat' dir='ltr'><strong>vina</strong></span> <span class='ocrx_word' id='word_1_139' title='bbox 609 3060 676 3109; x_wconf 86' lang='lat' dir='ltr'><strong>tuno</strong></span> <span class='ocrx_word' id='word_1_140' title='bbox 699 3050 837 3125; x_wconf 81' lang='lat' dir='ltr'><strong>linebant,</strong></span> 
     </span>
    </p>

    <p class='ocr_par' dir='ltr' id='par_1_31' title="bbox 253 3133 887 3211">
     <span class='ocr_line' id='line_1_32' title="bbox 253 3133 887 3211; baseline -0.005 -17"><span class='ocrx_word' id='word_1_141' title='bbox 253 3133 321 3194; x_wconf 86' lang='lat' dir='ltr'><strong>Nee</strong></span> <span class='ocrx_word' id='word_1_142' title='bbox 341 3133 452 3193; x_wconf 91' lang='lat' dir='ltr'><strong>tardum</strong></span> <span class='ocrx_word' id='word_1_143' title='bbox 475 3153 565 3210; x_wconf 83' lang='lat' dir='ltr'><strong>seges</strong></span> <span class='ocrx_word' id='word_1_144' title='bbox 588 3133 753 3211; x_wconf 84' lang='lat' dir='ltr'><strong>occupabat</strong></span> <span class='ocrx_word' id='word_1_145' title='bbox 774 3151 887 3194; x_wconf 83' lang='lat' dir='ltr'><strong>anuum.</strong></span> 
     </span>
    </p>

    <p class='ocr_par' dir='ltr' id='par_1_32' title="bbox 253 3217 817 3294">
     <span class='ocr_line' id='line_1_33' title="bbox 253 3217 817 3294; baseline -0.002 -15"><span class='ocrx_word' id='word_1_146' title='bbox 253 3217 320 3279; x_wconf 88' lang='lat' dir='ltr'><strong>Una</strong></span> <span class='ocrx_word' id='word_1_147' title='bbox 344 3220 472 3278; x_wconf 82' lang='lat' dir='ltr'><strong>vescitur</strong></span> <span class='ocrx_word' id='word_1_148' title='bbox 495 3219 587 3276; x_wconf 90' lang='lat' dir='ltr'><strong>omnis</strong></span> <span class='ocrx_word' id='word_1_149' title='bbox 610 3218 684 3277; x_wconf 87' lang='lat' dir='ltr'><strong>ordo</strong></span> <span class='ocrx_word' id='word_1_150' title='bbox 706 3236 817 3294; x_wconf 86' lang='lat' dir='ltr'><strong>mensa,</strong></span> 
     </span>
    </p>

    <p class='ocr_par' dir='ltr' id='par_1_33' title="bbox 252 3302 903 3381">
     <span class='ocr_line' id='line_1_34' title="bbox 252 3302 903 3381; baseline -0.003 -18"><span class='ocrx_word' id='word_1_151' title='bbox 252 3302 341 3363; x_wconf 82' lang='lat' dir='ltr'><strong>Parni</strong></span> <span class='ocrx_word' id='word_1_152' title='bbox 362 3302 485 3378; x_wconf 84' lang='lat' dir='ltr'><strong>femina,</strong></span> <span class='ocrx_word' id='word_1_153' title='bbox 508 3302 612 3381; x_wconf 80' lang='lat' dir='ltr'><strong>plebs,</strong></span> <span class='ocrx_word' id='word_1_154' title='bbox 636 3321 745 3380; x_wconf 83' lang='lat' dir='ltr'><strong>eques,</strong></span> <span class='ocrx_word' id='word_1_155' title='bbox 770 3312 903 3369; x_wconf 67' lang='lat' dir='ltr'><strong>senatum</strong></span> 
     </span>
    </p>

    <p class='ocr_par' dir='ltr' id='par_1_34' title="bbox 253 3383 843 3447">
     <span class='ocr_line' id='line_1_35' title="bbox 253 3383 843 3447; baseline 0 -1"><span class='ocrx_word' id='word_1_156' title='bbox 253 3383 391 3447; x_wconf 79' lang='lat' dir='ltr'><strong>Libertas</strong></span> <span class='ocrx_word' id='word_1_157' title='bbox 413 3389 607 3446; x_wconf 84' lang='lat' dir='ltr'><strong>reverentiam</strong></span> <span class='ocrx_word' id='word_1_158' title='bbox 630 3390 750 3447; x_wconf 86' lang='lat' dir='ltr'><strong>remisit.</strong></span> <span class='ocrx_word' id='word_1_159' title='bbox 839 3424 843 3431; x_wconf 89' lang='lat'>·</span> 
     </span>
    </p>

    <p class='ocr_par' dir='ltr' id='par_1_35' title="bbox 253 3470 912 3549">
     <span class='ocr_line' id='line_1_36' title="bbox 253 3470 912 3549; baseline 0 -18"><span class='ocrx_word' id='word_1_160' title='bbox 253 3470 294 3531; x_wconf 81' lang='lat' dir='ltr'><strong>Et</strong></span> <span class='ocrx_word' id='word_1_161' title='bbox 315 3478 345 3529; x_wconf 91' lang='lat' dir='ltr'><strong>tu</strong></span> <span class='ocrx_word' id='word_1_162' title='bbox 368 3472 437 3548; x_wconf 90' lang='lat' dir='ltr'><strong>quin</strong></span> <span class='ocrx_word' id='word_1_163' title='bbox 461 3473 546 3531; x_wconf 84' lang='lat' dir='ltr'><strong>etiam</strong></span> <span class='ocrx_word' id='word_1_164' title='bbox 566 3473 690 3549; x_wconf 84' lang='lat' dir='ltr'><strong>-quis</strong></span> <span class='ocrx_word' id='word_1_165' title='bbox 713 3472 770 3531; x_wconf 87' lang='lat' dir='ltr'><strong>huo</strong></span> <span class='ocrx_word' id='word_1_166' title='bbox 791 3488 912 3544; x_wconf 81' lang='lat' dir='ltr'><strong>vocare,</strong></span> 
     </span>
    </p>

    <p class='ocr_par' dir='ltr' id='par_1_36' title="bbox 253 3553 935 3634">
     <span class='ocr_line' id='line_1_37' title="bbox 253 3553 935 3634; baseline 0.001 -20"><span class='ocrx_word' id='word_1_167' title='bbox 253 3554 329 3629; x_wconf 78' lang='lat' dir='ltr'><strong>Quis</strong></span> <span class='ocrx_word' id='word_1_168' title='bbox 346 3556 518 3634; x_wconf 86' lang='lat' dir='ltr'><strong>promittere</strong></span> <span class='ocrx_word' id='word_1_169' title='bbox 541 3557 635 3634; x_wconf 91' lang='lat' dir='ltr'><strong>possit</strong></span> <span class='ocrx_word' id='word_1_170' title='bbox 656 3556 714 3615; x_wconf 85' lang='lat' dir='ltr'><strong>hoo</strong></span> <span class='ocrx_word' id='word_1_171' title='bbox 734 3553 876 3617; x_wconf 76' lang='lat' dir='ltr'><strong>deorum-‘l</strong></span> <span class='ocrx_word' id='word_1_172' title='bbox 893 3590 935 3602; x_wconf 83' lang='lat'><strong>-—-</strong></span> 
     </span>
    </p>

    <p class='ocr_par' dir='ltr' id='par_1_37' title="bbox 250 3638 761 3719">
     <span class='ocr_line' id='line_1_38' title="bbox 250 3638 761 3719; baseline 0 -19"><span class='ocrx_word' id='word_1_173' title='bbox 250 3638 414 3700; x_wconf 79' lang='lat' dir='ltr'><strong>Nobiscum</strong></span> <span class='ocrx_word' id='word_1_174' title='bbox 437 3642 535 3699; x_wconf 88' lang='lat' dir='ltr'><strong>sooias</strong></span> <span class='ocrx_word' id='word_1_175' title='bbox 558 3640 650 3719; x_wconf 85' lang='lat' dir='ltr'><strong>dapes</strong></span> <span class='ocrx_word' id='word_1_176' title='bbox 674 3641 761 3700; x_wconf 88' lang='lat' dir='ltr'><strong>inisti.</strong></span> 
     </span>
    </p>

    <p class='ocr_par' dir='ltr' id='par_1_38' title="bbox 250 3723 911 3804">
     <span class='ocr_line' id='line_1_39' title="bbox 250 3723 911 3804; baseline -0.003 -19"><span class='ocrx_word' id='word_1_177' title='bbox 250 3723 313 3786; x_wconf 88' lang='lat' dir='ltr'><strong>lam</strong></span> <span class='ocrx_word' id='word_1_178' title='bbox 335 3742 388 3802; x_wconf 88' lang='lat' dir='ltr'><strong>se,</strong></span> <span class='ocrx_word' id='word_1_179' title='bbox 414 3724 546 3803; x_wconf 86' lang='lat' dir='ltr'><strong>quisquis</strong></span> <span class='ocrx_word' id='word_1_180' title='bbox 568 3726 593 3785; x_wconf 91' lang='lat' dir='ltr'><strong>is</strong></span> <span class='ocrx_word' id='word_1_181' title='bbox 616 3735 662 3786; x_wconf 88' lang='lat' dir='ltr'><strong>est</strong></span> <span class='ocrx_word' id='word_1_182' title='bbox 682 3727 785 3804; x_wconf 88' lang='lat' dir='ltr'><strong>inops,</strong></span> <span class='ocrx_word' id='word_1_183' title='bbox 808 3723 911 3786; x_wconf 86' lang='lat' dir='ltr'><strong>beatos</strong></span> 
     </span>
    </p>
   </div>
   <div class='ocr_carea' id='block_1_3' title="bbox 0 0 1572 4434">
    <p class='ocr_par' dir='ltr' id='par_1_39' title="bbox 0 0 1572 4434">
     <span class='ocr_line' id='line_1_40' title="bbox 0 0 1572 4434; baseline 0 1"><span class='ocrx_word' id='word_1_184' title='bbox 0 0 1572 4434; x_wconf 95' lang='lat' dir='ltr'><strong> </strong></span> 
     </span>
    </p>
   </div>
  </div>
 </body>
</html>
