3134 4434
579 445 778 496 THEBAIDOS
798 447 867 495 LIB.
885 448 933 497 1v.

257 600 460 681 Parrhasiique
480 602 586 681 duces,
611 612 641 664 et
663 615 738 682 quae
759 603 880 681 ridetis,
899 603 1035 680 Amores,

258 689 345 749 Grata
368 686 535 767 pharetrato
556 686 702 748 Nonacria
723 707 791 750 rura
813 687 946 765 Tonanti,

256 772 349 834 Dives
371 781 401 833 et
422 771 622 834 Orchomenos
642 791 782 853 pecorum
803 782 833 833 et
853 771 1005 849 Cynosura
1024 770 1159 834 ferarum.
1204 783 1256 840 295

256 858 402 934 Aegytios
420 856 497 919 idem
518 858 606 920 ardor
627 875 716 936 agros
739 866 768 918 et
789 857 935 938 Psophide
954 856 1064 918 celsam

256 942 360 1003 Vastat
382 951 411 1002 et
429 941 577 1003 Herculeo
596 943 730 1020 vulgatos
750 941 860 1002 robore
881 951 995 1003 montes
1063 953 1066 957 ’

255 1026 531 1106 Monstriferumque
551 1026 748 1104 Erymanthon
768 1036 798 1088 et
819 1028 983 1089 aerisonum
1004 1028 1203 1107 Stymphalon.

320 1111 452 1172 Arcades
475 1111 520 1181 hi;
543 1130 617 1190 gens
639 1130 695 1173 una
715 1113 802 1190 viris,
825 1113 878 1173 sed
901 1111 1018 1173 dissona
1044 1112 1122 1173 cultu

257 1196 421 1267 Scinditur;
444 1197 473 1257 hi
494 1196 618 1276 Paphias
637 1206 747 1273 myrtos
768 1215 785 1258 a
807 1197 899 1276 stirpe
917 1205 1073 1261 recurvant
1202 1209 1255 1265 eoo

255 1281 295 1343 Et
316 1281 456 1361 pastorali
476 1282 648 1343 meditantur
669 1280 783 1362 proella
806 1290 921 1358 trunco,

255 1366 308 1428 His
330 1384 432 1442 arcus,
454 1365 498 1426 his
516 1366 577 1427 tela
599 1365 703 1445 sudes,
724 1364 770 1426 his
793 1366 906 1428 cassida
928 1366 1025 1427 crines

255 1451 378 1528 Iutegit;
401 1450 520 1511 Arcadii
538 1468 648 1512 morem
670 1459 751 1511 tenet
765 1452 825 1526 ,ille
846 1451 955 1530 galeri:
1011 1466 1014 1471 ·

256 1536 312 1597 Ille
333 1534 498 1611 Lycaoniae
518 1537 592 1596 rictu
614 1544 701 1616 caput
722 1544 841 1616 asperat
863 1553 959 1597 ursae.
1151 1598 1154 1603 ,

321 1618 383 1680 llos
404 1618 476 1680 belli
495 1630 598 1681 coetus
618 1622 773 1700 iurataque
792 1628 914 1701 pectora
935 1617 1019 1682 hlarti
1202 1629 1254 1684 305

256 1704 348 1765 Milite
369 1704 483 1766 vicinae
504 1705 584 1766 nullo
608 1707 709 1766 iuvere
727 1705 881 1782 Mycenae.

254 1789 409 1851 Funereae
430 1798 489 1850 tum
505 1808 627 1870 namque
649 1791 741 1870 dapes
759 1790 905 1869 mediique
924 1806 1062 1867 recursus

257 1874 353 1952 Solis,
375 1883 404 1933 et
425 1873 473 1934 hic
493 1875 542 1937 alii
562 1875 725 1936 miscebant
748 1875 861 1955 proelia
880 1874 996 1936 iratres.

321 1957 439 2038 lamque
459 1959 789 2040 Atalantaeas'inplerat
806 1961 919 2020 nuntius
941 1974 1028 2020 aures
1107 2006 1113 2016 .

256 2045 305 2106 Ire
325 2043 429 2105 ducem
448 2043 529 2105 bello
548 2053 696 2125 totamque
717 2043 862 2125 inpellere
880 2052 976 2104 natum
1201 2053 1253 2108 eto

256 2127 425 2198 Arcadiam
448 2137 594 2190 tremuere
614 2128 918 2209 gradus‚'alapsaque
936 2129 1016 2188 iuxta

258 2212 347 2281 Telau
370 2213 444 2290 fugit
465 2212 553 2274 siluas
575 2213 724 2294 pernicior
743 2213 812 2275 alite
833 2221 921 2274 vento

258 2301 337 2360 Saxa
358 2306 461 2377 peret
480 2297 576 2377 plenis
596 2298 740 2359 obstantia
757 2297 872 2359 humina
893 2297 976 2378 ripis,

258 2382 362 2458 Qualis
382 2391 459 2459 erat,
483 2391 619 2463 correpta
641 2383 720 2444 sinus
742 2392 772 2444 et
793 2384 906 2444 vertice
929 2383 1032 2445 flavum

258 2467 375 2528 crinem
396 2485 498 2547 sparsa
518 2478 604 2537 noto;
626 2469 717 2549 raptis
738 2468 819 2528 velut
835 2471 1036 2548 aspera-natis
1202 2481 1253 2536 315

257 2553 441 2638 Praedatorr’s
464 2553 532 2634 equi
554 2554 684 2633 sequitur
703 2553 829 2632 vestigia
851 2553 960 2632 tigris.

318 2637 357 2698 Ut
376 2639 456 2698 stetit
473 2638 664 2720 adversisque
685 2639 798 2719 inpegit
819 2648 941 2718 pectora
961 2640 1070 2717 irenis,
1093 2672 1136 2687 -

257 2721 313 2782 Ille
332 2721 368 2783 nd
387 2722 500 2782 humum
521 2724 635 2803 pallens
655 2746 714 2785 -:
737 2723 833 2785 ‘Unde
854 2722 929 2785 haec
950 2723 1102 2786 furibunda
1123 2725 1241 2805 cupido,

256 2805 348 2881 Nate,
370 2804 443 2866 tihi‘l
464 2816 625 2886 teneroque
646 2809 722 2870 unde
740 2806 863 2888 inproba
885 2818 1007 2888 pectore
1028 2805 1140 2870 virtus?

258 2889 301 2949 Tu
323 2888 417 2950 bellis·
432 2899 532 2968 aptare
553 2894 649 2969 viros,
671 2901 701 2952 tu
723 2891 855 2972 pondera
873 2892 952 2952 ferre
1202 2902 1255 2958 320

256 2973 356 3035 Martis
379 2983 409 3034 et
428 2974 572 3035 ensileras
588 2976 664 3036 inter
681 2986 768 3057 potes
787 2978 832 3038 ire
854 2973 1014 3039 catervas?

259 3058 439 3138 Quamquam
461 3059 568 3120 utinam
588 3058 683 3120 uires!
704 3070 798 3140 nuper
820 3069 850 3120 te
871 3059 978 3141 pallida
1000 3061 1069 3138 uidi,

257 3143 332 3204 Dum
353 3145 461 3224 premis
483 3143 596 3205 obuiuo¹
610 3144 753 3206 uenabula
773 3147 905 3206 consinus
926 3157 1010 3225 apro,

257 3228 373 3309 Poplite
395 3229 534 3291 succiduo
556 3230 723 3309 resupinum
743 3248 779 3292 ac
800 3241 895 3312 paene
916 3239 1058 3310 ruentem,

258 3311 297 3374 Et
317 3315 345 3373 ni
369 3325 488 3376 curvato
507 3316 660 3376 torsissem
680 3314 794 3395 spicula
814 3332 916 3392 cornu,
937 3349 980 3362 -
1202 3324 1253 3380 325

259 3396 341 3459 Nunc
360 3398 409 3459 ubi
431 3398 508 3460 bella
528 3396 602 3461 tihi?
623 3399 671 3461 Nil
692 3410 721 3462 te
741 3419 807 3462 mea
828 3400 1052 3477 teletarchiam,
1135 3450 1138 3455 .

257 3480 322 3543 Nec
340 3493 450 3544 teretes
471 3502 572 3562 arcus,
596 3484 717 3546 maculis
738 3503 795 3546 nec
815 3485 945 3547 discolor
962 3487 1032 3547 atris

258 3566 330 3645 llic,
355 3570 401 3629 cui
423 3569 504 3646 fidis,
528 3587 634 3649 equus;
655 3572 767 3649 magnis
785 3570 936 3631 conatibus
958 3572 1059 3648 iustas,

258 3650 317 3711 Vix
336 3651 482 3730 Dryadum
503 3654 634 3716 thalamis
656 3653 967 3736 Erymanthiadumque
989 3656 1080 3718 furori

258 3734 455 3818 Nympharum
476 3748 586 3802 mature
608 3758 690 3821 puer.
736 3741 808 3802 Sunt
831 3741 925 3805 cunina
943 3758 1027 3803 uera.
1204 3747 1268 3797 Q
