3134 4434
316 437 356 499 30
655 449 687 496 r.
710 448 845 499 enormi
864 442 985 499 aurun

315 604 456 666 hlatrihus
476 612 565 683 atque
586 602 643 683 piis
664 605 759 665 cecini
780 604 885 665 solatia
905 607 991 682 natis,
1041 622 1044 627 ·

315 690 355 750 Et
375 689 459 764 mihi,
485 706 572 767 quum
593 690 733 767 proprios
755 707 904 766 gemerem
927 689 1062 750 deiectus
1086 691 1122 751 ad
1143 693 1241 770 ignes,

316 770 409 850 Quem
432 782 532 834 natura
553 781 667 851 patrem
682 772 740 833 -!
771 773 836 833 Neo
857 782 887 833 te
909 775 1014 852 lugere
1036 791 1161 836 severus

316 861 432 934 Arcen,
456 856 510 917 sed
532 857 635 917 confer
655 858 797 935 gemitus,
821 859 991 936 pariterque
1012 858 1142 920 fleamus.
1293 874 1328 927 35

379 942 545 1003 Iamdudum
567 941 673 1019 dignos
695 942 789 1003 aditus
813 942 987 1022 laudumque
1009 951 1147 1021 tuarum„

316 1026 341 1086 0
362 1029 465 1086 merito
489 1027 598 1086 dilecte
620 1022 712 1106 puer,
735 1026 892 1106 primordia
909 1043 1056 1105 quaerens

315 1111 479 1172 Distrahor.
518 1108 592 1170 Hinc
614 1112 679 1170 anui
704 1119 816 1171 stantes
836 1112 865 1170 in
887 1111 1096 1188 immeritae,

317 1197 391 1258 Hine
412 1214 458 1256 me
480 1195 574 1256 forma
594 1197 687 1274 rapit,
712 1195 1042 1274 rapit-inde‘modesila
1065 1212 1197 1276 praecox
1231 1230 1240 1245 ·

316 1281 355 1342 Et
374 1280 468 1360 pudor
489 1288 518 1339 et
540 1288 643 1340 tenero
666 1279 800 1358 probitas
820 1282 967 1340 maturior·
980 1295 1066 1341 aero.
1222 1316 1226 1323 ·
1290 1294 1328 1348 so

317 1365 413 1425 0nbi
436 1380 584 1444 purpureo
606 1363 734 1424 suffusus
757 1366 899 1442 sanguiue
923 1365 1033 1426 candor
1204 1374 1207 1379 '
1307 1386 1310 1391 ·

316 1450 491 1528 sidereique
511 1448 601 1508 orbes
623 1448 793 1527 radiataque
817 1448 923 1510 lumina
943 1448 1043 1526 coelo,

316 1534 355 1595 Et
378 1535 538 1610 castigatae
561 1533 690 1594 collecta
711 1532 855 1595 modestia
874 1532 990 1610 hostis,

317 1619 497 1696 ingenuique
518 1636 610 1698 super
631 1619 728 1678 crines
750 1617 907 1697 mollisque
928 1619 1058 1679 decorae

317 1703 419 1781 Margo
443 1700 568 1763 comae?
602 1702 721 1762 Blandis
742 1702 858 1763 ubinam
881 1719 933 1762 ora
953 1710 1055 1779 arguta
1075 1700 1206 1779 querelis
1263 1742 1267 1765 ;
1293 1715 1328 1768 rs

243 1783 248 1791 '
317 1786 485 1866 Osculaque
506 1786 629 1865 inpliciti
651 1803 760 1846 vernos
783 1786 947 1847 redolentia
969 1787 1071 1861 liores,
1099 1794 1102 1798 ’

317 1872 356 1932 Bt
377 1872 484 1931 mixtae
507 1872 566 1930 risu
587 1871 726 1931 lacrimae
748 1873 929 1951 penitusque
945 1870 1092 1951 loquentis

317 1955 457 2032 Hyblaeis
477 1971 538 2014 vox
556 1956 643 2017 mixta
665 1953 764 2015 lavis?
792 1957 838 2016 cui
859 1956 945 2017 sibila
966 1971 1092 2035 serpens

318 2042 445 2101 Poneret
467 2049 496 2101 et
519 2057 627 2100 saevae
648 2040 761 2100 vellent
781 2041 896 2101 servire
915 2056 1073 2101 novercae.

317 2125 366 2186 Nil
388 2126 466 2184 veris
489 2124 597 2201 affingo
620 2123 716 2184 bonis·
757 2123 823 2184 Heu
846 2125 942 2185 lactea
964 2124 1044 2185 oolla
1120 2136 1123 2141 '
1292 2140 1327 2191 50

317 2209 500 2289 Brachioque
523 2218 552 2268 et
574 2227 727 2288 numquam
749 2209 856 2269 domini
879 2211 942 2269 siue
966 2208 1098 2288 pondere
1120 2210 1238 2271 cervix!

318 2276 412 2355 Oubi
433 2304 575 2354 venturae
597 2311 668 2373 spes
689 2311 747 2354 non
769 2294 927 2372 longinqua
948 2295 1093 2354 iuventae·

317 2379 415 2458 Atque
433 2379 517 2455 genis
540 2388 657 2456 optatus
676 2379 771 2439 honos
789 2379 940 2456 iurataque
960 2378 1079 2437 multum

316 2462 412 2523 Barba
434 2459 508 2522 tihi?
542 2459 654 2523 Cuncta
675 2464 704 2522 in
726 2464 841 2522 eineres
864 2463 965 2539 grauis
983 2461 1078 2521 intulit
1098 2463 1170 2522 hora

317 2546 498 2624 Hostilisque
521 2547 601 2607 dies:
627 2546 712 2606 nobis
734 2546 902 2606 meminisse
918 2545 1061 2606 relietum.
1291 2560 1325 2613 55

383 2629 455 2703 Quis
474 2640 522 2690 tua
544 2629 706 2710 colloquiis*
723 2630 824 2691 hilaris
844 2628 985 2690 mulcebit
1005 2632 1106 2690 amatis

318 2712 465 2775 Pectora?
493 2716 558 2794 quis
581 2733 665 2775 curas
688 2717 851 2793 mentisque
874 2731 980 2774 arcano
1002 2712 1153 2774 remittet?

213 2858 217 2868 ,
318 2800 484 2859 Accensum
507 2799 571 2877 quis
593 2798 653 2859 bile
676 2800 752 2867 ieret
773 2799 948 2876 famulisque
968 2807 1123 2859 tumentem

239 2895 242 2901 '
317 2883 419 2944 heuiet
440 2883 611 2962 ardentique
634 2885 662 2943 in
684 2902 717 2943 se
740 2883 880 2943 deflectet
901 2882 940 2942 ab
962 2879 1028 2943 ira?

317 2968 454 3046 Inceptas
475 2969 539 3046 quis
561 2967 598 3028 ab
620 2985 674 3029 ore
695 2968 788 3046 dapes
811 2967 959 3045 libataque
980 2968 1047 3027 vina

318 3052 442 3112 Auferet
464 3061 494 3112 et
516 3052 594 3112 dulci
615 3052 743 3113 turbabit
765 3060 870 3112 cuneta
890 3049 1013 3131 rapina?

319 3135 391 3209 Quis
413 3137 567 3196 matutinos
589 3136 741 3215 abrumpet
762 3152 907 3196 murmure
927 3134 1045 3196 somnos

317 3219 464 3297 inpositus
486 3221 583 3279 stratis
603 3220 757 3299 abitusque
779 3219 938 3280 morabitur
958 3222 1047 3280 arctis

317 3303 450 3364 Nexibus
472 3312 559 3382 atque
582 3305 647 3383 ipso
671 3304 825 3364 revocabit
845 3304 882 3365 ad
901 3304 1005 3365 oscula
1026 3302 1134 3384 poste?

319 3387 429 3446 Obvius
453 3389 568 3447 intranti
589 3406 689 3447 rursus
710 3389 776 3466 quis
801 3389 829 3447 iu
852 3406 903 3448 ora
925 3406 1086 3466 manusque
1291 3400 1324 3454 65

318 3471 455 3531 Prosiliet
477 3471 675 3550 brevibusque
698 3472 835 3533 humeros
858 3472 1047 3533 circumdabit
1067 3469 1166 3532 ulnis?

318 3554 396 3615 hluia
418 3555 536 3632 domus,
560 3557 670 3634 fateor,
695 3557 879 3635 desolatique
901 3565 1035 3634 penates,

318 3639 356 3699 Bt
379 3642 449 3699 situs
471 3641 499 3698 in
521 3640 653 3701 thalamis
674 3650 704 3701 et
723 3651 836 3701 moesta
856 3640 971 3701 silentia
989 3641 1107 3700 mensis.

362 3784 366 3789 .
384 3723 459 3796 Quid
479 3725 596 3803 mirum,
618 3735 697 3786 tanto
719 3726 743 3784 si
765 3734 795 3785 te
817 3726 883 3805 pius
906 3725 983 3785 altor
1005 3724 1130 3784 honorat
