3134 4434
393 874 396 881 .
569 722 1062 901 rennuunsundn
1154 820 1157 825 ·

371 1088 373 1093 ,
447 967 484 1077 S
534 967 565 1070 I
614 969 661 1071 In
710 968 763 1071 V
817 971 870 1071 A
922 971 972 1073 R
1023 972 1074 1073 U
1125 972 1187 1074 M

631 1154 1030 1259 hunencus·

690 1336 916 1351 ¹——n—-n—
945 1328 969 1345 ¹,

652 1489 703 1541 AD
733 1488 979 1542 Minusculos:

385 1585 494 1698 Inveni
515 1630 635 1714 librum,
662 1635 803 1697 Marcelle
825 1637 995 1713 carissime,
1022 1654 1108 1716 quem
1127 1638 1230 1716 pietati
1250 1649 1315 1700 tuae

317 1723 492 1784 dedicarem.
540 1722 621 1783 Reor
645 1721 768 1801 'quidem
802 1722 902 1782 aliter*
917 1740 1003 1802 quarn
1035 1723 1169 1782 invocato
1202 1726 1318 1783 numine

315 1808 429 1868 maximi
446 1806 944 1889 imperatorisnullumopuseulum
960 1824 1056 1866 mcum
1075 1809 1224 1886 coepisse.
1258 1808 1318 1870 Sed

316 1893 364 1953 hic
390 1891 466 1952 liber
486 1901 547 1952 tres
570 1891 672 1961 babct;
701 1891 832 1970 sequitur
849 1901 980 1970 ·qunrta,
1007 1909 1081 1971 quae
1111 1891 1147 1951 ad
1175 1893 1318 1953 honorem

315 1989 394 2039 tuum
414 1977 550 2056 pertinet.
590 1977 685 2037 Primo
707 1985 805 2036 autem
824 1979 978 2055 septimum
993 1976 1137 2036 decimum
1155 1975 1319 2038 Germanici

315 2063 407 2123 nostri
429 2062 608 2123 consulatum
634 2061 769 2134 edorari3
792 2061 921 2122 secundo
943 2063 1052 2138 gratias
1078 2063 1128 2139 egi
1154 2062 1318 2122 sacratissi-

315 2149 370 2208 mis
389 2147 452 2206 eius
473 2148 568 2227 epulis
588 2148 763 2215 bonoratus;
786 2148 873 2206 tertio
893 2147 970 2207 viam
986 2145 1177 2206 Domitianam
1198 2147 1318 2208 miratus

224 2227 226 2233 '
316 2250 397 2308 sum,
431 2249 486 2310 qua
520 2233 719 2310 grauissimam
752 2249 903 2291 arenarum
939 2248 1049 2291 moram
1078 2232 1202 2291 exemit:
1235 2232 1317 2291 cuius

316 2316 461 2378 beneficio
493 2326 523 2376 tu
554 2334 671 2396 quoque
699 2317 837 2376 maturius
868 2315 1023 2394 epistolam
1051 2334 1145 2376 meem
1175 2316 1318 2396 accipies,

317 2419 401 2481 quam
429 2397 481 2460 tibi
503 2403 533 2460 in
553 2401 611 2461 hoc
637 2400 752 2460 libroa
780 2399 907 2480 Neapoli
932 2400 1041 2461 scribo.
1083 2401 1247 2460 Proximum
1274 2409 1319 2460 est

316 2486 439 2562 lyricum
457 2503 574 2545 carmen
595 2485 631 2545 ad
649 2485 819 2564 Septimium
840 2487 992 2562 Severum,
1013 2487 1158 2562 iuuenem,
1181 2487 1223 2545 uti
1246 2486 1317 2561 scis,

316 2572 392 2631 inter
411 2570 610 2630 ornatissimos
630 2570 749 2630 secundi
768 2570 887 2648 ordinis,
910 2579 988 2630 tuum
1007 2571 1123 2649 quidem
1140 2571 1227 2631 etiam
1249 2587 1317 2629 con·

316 2653 500 2735 discipulum,
522 2655 577 2715 sed
596 2654 664 2715 mihi
687 2664 788 2715 contra
809 2655 868 2716 hoo
890 2672 1007 2735 quoque
1029 2656 1074 2714 ius
1090 2654 1253 2716 arctissime
1270 2672 1317 2714 ca·

314 2757 387 2800 rum.
430 2738 491 2800 lam
509 2738 640 2800 Vindicis
666 2740 758 2801 nostri
780 2739 937 2802 Herculem
958 2739 1184 2819 Epitrapezion,
1213 2757 1343 2805 secun„

316 2826 382 2893 dum
402 2825 561 2903 honorem,
590 2842 675 2903 quem
701 2824 738 2885 de
765 2843 812 2886 rne
840 2834 869 2885 et
894 2825 930 2886 de
957 2826 1029 2904 ipsis
1050 2824 1153 2885 studiis
1177 2834 1318 2899 meretur,

315 2911 450 2989 inputare
476 2911 563 2970 etiam
580 2909 632 2970 tibi
653 2927 783 2990 possum.
823 2908 978 2970 hienimum
995 2908 1105 2970 lunium
1124 2917 1153 2968 et
1171 2909 1319 2987 dignitatis

317 3004 347 3055 et
374 2994 560 3073 eloquentiae
586 2997 741 3056 nominee
768 2993 854 3054 nobis
877 2994 959 3071 diligi
989 2996 1059 3056 satis
1089 3011 1168 3053 eram
1194 3002 1319 3055 testatus

317 3079 454 3157 epistola,
473 3080 613 3157 quemad
632 3079 712 3140 illum
729 3079 766 3140 de
786 3080 915 3140 editione
933 3078 1101 3140 Thebaidos
1121 3096 1204 3138 meae
1224 3078 1319 3158 publi·

318 3164 397 3231 cavi;
424 3163 479 3224 scd
502 3182 578 3224 nune
605 3181 722 3243 quoque
753 3182 819 3225 eum
839 3165 950 3224 reverti
977 3165 1114 3225 maturius
1137 3182 1154 3223 e
1176 3162 1319 3224 Dalmatia

318 3263 403 3324 rogo.
446 3246 546 3308 lunota
568 3258 613 3309 est
637 3249 743 3326 ecloga
765 3250 802 3310 ad
823 3249 997 3327 municipem
1020 3266 1115 3308 meum
1133 3247 1235 3307 lulium
1257 3246 1317 3308 tte-

316 3340 481 3410 necratem,
504 3332 686 3412 splendidum
707 3335 842 3394 iuvenem
864 3344 893 3395 et
914 3334 1000 3394 Pollii
1020 3335 1077 3393 mei
1096 3351 1252 3410 generum,
1267 3331 1319 3392 cui

317 3417 463 3494 patulos,
496 3417 574 3496 quod
601 3417 748 3496 Neapolim
775 3427 904 3478 nostram
931 3436 1051 3479 numero
1079 3417 1241 3477 liberorum
1267 3416 1319 3476 ho·

317 3503 486 3562 nesteverit.
529 3503 625 3563 Plotio
649 3503 784 3582 Grypho,
807 3504 925 3564 maioris
946 3505 1054 3582 gradrm
1076 3503 1184 3578 iuveni,
1207 3502 1319 3579 dignius

318 3586 490 3666 opusculum
524 3587 661 3664 reddam,
692 3588 746 3648 sed
776 3588 892 3648 interim
923 3586 1209 3665 hendecasyllabos,
1245 3602 1320 3666 qnos

318 3671 517 3734 Saturnalibus
545 3691 601 3735 una
628 3673 760 3750 risimus,
790 3673 858 3734 huic
881 3673 1020 3734 volumini
1042 3672 1193 3732 inserui..
1220 3669 1317 3746 Quare
