3134 4434
577 476 777 526 unusumos
798 477 869 525 nun.
888 477 923 524 x.
1192 463 1252 524 217

254 634 442 709 Quaeritur;'
466 634 594 694 incendit
614 635 715 713 pronis
735 630 791 694 dau
814 632 951 693 curribus·
967 633 1073 694 almum
1201 641 1253 697 370

253 720 339 780 Sidus
360 728 390 780 et
411 720 527 781 admoto
549 719 718 779 monstrarit
737 719 840 779 funera
860 735 960 778 cornu.

253 797 404 884 apparent
424 805 517 882 campi
538 802 716 883 Thebaeque
738 803 871 881 altusque
891 800 1057 863 Cithaeron.

316 890 366 949 Sic
386 889 436 949 ubi
456 897 625 948 nocturnum
644 889 752 948 tonitru
772 888 865 948 malus
884 888 1003 948 aethera
1023 887 1131 965 frangit

253 973 401 1053 luppiter,
424 973 561 1034 absiliunt
580 972 689 1049 nubes,
715 982 745 1032 et
766 972 883 1049 fulgure
906 971 986 1032 claro

254 1059 342 1120 Astra
365 1067 479 1136 patent,
501 1057 673 1137 subitusque
695 1057 790 1117 oculis
812 1057 973 1117 ostenditur
995 1055 1085 1116 orbis.
1200 1065 1253 1121 375

253 1143 381 1221 Accepit
404 1144 520 1217 radios,
543 1151 572 1202 et
593 1142 696 1203 eadem
715 1143 847 1220 percitus
867 1140 999 1219 Hopleus

254 1227 356 1303 Tydea
380 1227 447 1287 luce
464 1227 560 1295 ridet;
584 1227 673 1303 longe
695 1226 763 1287 dant
785 1228 868 1304 signa
891 1244 944 1304 per
965 1225 1081 1287 umbras

254 1311 351 1372 Mutua
372 1311 513 1372 laetantes
536 1321 567 1371 et
586 1313 710 1372 amioum
732 1311 846 1390 pondus
867 1320 1011 1388 uterque‚.

256 1395 319 1457 Ceu
340 1396 465 1456 reduces
484 1397 562 1457 vitae
583 1413 732 1475 saevaque
753 1413 771 1456 a
792 1404 886 1456 morte
907 1397 1057 1472 remissos,

256 1480 394 1542 Subiecta
418 1481 535 1540 cervice
557 1481 669 1548 levant;
691 1498 748 1540 uec
768 1480 876 1558 rerba,
897 1498 955 1540 uec
975 1481 1038 1541 ausi
1202 1488 1255 1544 380

253 1564 343 1625 Flere
362 1565 427 1641 diu,
452 1582 548 1644 prope
570 1583 660 1626 saeva
681 1564 760 1641 dies,
781 1564 929 1644 indexque
948 1566 1071 1625 minatur

255 1648 358 1717 Ortus3
382 1658 450 1710 eunt
472 1649 550 1710 taciti
573 1668 628 1730 per
647 1658 760 1710 moesta
781 1650 897 1711 silentia
918 1650 1029 1727 magnis

255 1733 392 1795 Passibus
414 1733 629 1814 exhaustasque
651 1734 751 1796 dolent
770 1734 885 1814 pallere
906 1734 1053 1795 tenebras.

319 1818 418 1880 Invida
440 1819 499 1880 fata
521 1821 594 1899 piis,
617 1828 647 1880 et
665 1819 728 1879 fors
748 1819 913 1896 ingentibus
934 1821 1012 1881 ausis

254 1903 333 1964 Rara
353 1921 469 1973 comes;
491 1906 546 1965 iam
565 1913 661 1966 castra
679 1903 778 1964 vident
794 1905 952 1982 animisque
969 1907 1173 1984 propinquant,
1203 1915 1254 1969 333

255 1987 294 2048 Et
315 1989 462 2049 decrescit
484 2006 572 2067 onus,
595 1989 682 2051 subiti
704 2008 790 2068 quum
810 1989 939 2067 pulveris
960 1989 1060 2050 umbra

253 2071 295 2134 Et
314 2090 404 2133 sonus
423 2090 440 2133 a
459 2083 563 2149 tergm
584 2074 694 2133 monitu
715 2074 796 2134 ducis
817 2091 888 2134 acer
909 2071 1016 2150 agebat

254 2157 402 2237 Amphion
425 2160 556 2237 equites,
581 2165 697 2218 noctem
715 2157 892 2237 vigilataque
913 2165 1008 2218 castra

255 2241 422 2322 Explorare
444 2242 543 2317 datus,
567 2242 734 2321 primusque
755 2259 811 2321 per
832 2243 896 2303 avia
917 2242 1013 2321 campi

255 2325 356 2406 Usque
378 2327 500 2406 procul,
526 2326 650 2387 necdum
670 2335 747 2387 totas
768 2325 819 2386 lux
840 2327 970 2387 solverat
993 2327 1120 2403 umbras,
1204 2337 1257 2391 390

255 2409 365 2472 Nescio
387 2413 455 2490 quid
475 2411 538 2472 visu
559 2410 675 2471 dubium
698 2412 896 2490 incertumque
917 2413 1029 2472 moveri

257 2494 450 2575 corporaque
472 2498 516 2556 ire
535 2496 630 2563 videt3
652 2495 765 2556 subitus
786 2513 855 2556 mox
875 2496 977 2557 fraude
999 2506 1118 2576 reperta

256 2581 425 2642 Exclamat:
449 2578 613 2642 ‘Cohibete
634 2581 756 2658 gradum
774 2582 982 2660 quicumque3’
1009 2583 1062 2643 sed
1082 2581 1182 2642 hostes
1228 2639 1230 2646 ,

256 2666 333 2727 Esse
355 2675 452 2745 patet,
474 2667 573 2726 miseri
590 2675 717 2744 pergunt
737 2666 849 2726 anteire
870 2666 1028 2745 timentque

256 2748 323 2810 Non
344 2749 414 2818 sibi;
436 2759 505 2810 tuno
525 2759 647 2811 mortem
668 2750 791 2829 trepidis
808 2751 966 2825 minitatur,
990 2759 1020 2811 et
1040 2751 1152 2811 hastam
1205 2760 1255 2814 303

258 2833 394 2912 Expulit,
418 2851 454 2894 ac
474 2851 565 2894 vanos
587 2834 646 2894 alte
668 2833 747 2894 levat
768 2835 879 2893 eminus
901 2835 976 2893 ictus

256 2919 408 2980 Affeetans
431 2936 530 2978 errare
550 2935 665 2986 manus3
688 2919 768 2977 stetit
790 2917 840 2979 illa
861 2916 1010 2993 Dymantis

258 3003 335 3063 Ante
357 3002 477 3078 oculos,
501 3003 549 3081 qui
569 3002 647 3061 forte
669 3003 749 3080 prior
768 3020 963 3080 gressumque
982 3004 1135 3083 repressit.

258 3088 299 3148 At
320 3104 378 3147 non
397 3088 592 3164 magnanimus
613 3087 723 3146 curavit
745 3087 871 3166 perdere
891 3088 983 3148 iactus

258 3173 391 3252 Aepytus
414 3181 444 3232 et
465 3171 524 3231 lixo
543 3170 760 3232 transverberat
776 3171 892 3251 Hoplea
911 3181 1009 3249 tergo,
1203 3180 1255 3237 400

258 3257 480 3336 Pendentesque
501 3256 586 3316 etiam
607 3257 777 3334 perstrinxit
798 3255 915 3332 Tydeos
934 3257 1039 3318 armos.

258 3341 376 3402 Labitur
397 3342 510 3419 egregii
531 3340 657 3401 nondum
677 3340 759 3401 ducis
778 3342 919 3402 inmemor
937 3341 1079 3420 Hopleus,

259 3426 438 3506 Expiratque
459 3434 579 3503 teneus,
601 3425 690 3500 felix,
713 3427 739 3484 si
760 3443 868 3504 corpus
888 3426 1050 3504 ademptum

259 3510 378 3571 Nesciat
399 3529 435 3572 ae
455 3529 560 3571 saevus
581 3509 649 3571 talis
669 3509 830 3572 descendat
852 3510 892 3571 ad
908 3509 1034 3572 umbras.

322 3595 444 3657 Viderat
462 3594 520 3655 hoc
538 3605 618 3656 retro
639 3611 800 3655 conversus
823 3603 852 3655 et
870 3596 983 3673 agmina
1002 3597 1089 3656 sentit
1204 3601 1256 3656 lob

258 3681 358 3741 lunota
379 3680 504 3755 Dymas,
527 3679 632 3740 dubius
653 3679 829 3759 precibusne
851 3680 977 3755 subiret,
1000 3697 1037 3741 au
1054 3680 1140 3740 annis

257 3764 415 3833 instantem
442 3781 520 3824 arma
541 3765 583 3826 ira
605 3764 705 3836 dabat3
729 3765 850 3827 fortuna
866 3766 1008 3846 precati„
