3134 4434
624 451 804 502 etnvsnuts
824 454 858 502 L.
873 452 910 503 11.

325 609 460 689 Septima
484 608 551 686 lux,
581 616 611 668 et
632 609 688 669 iam
709 607 846 687 frigentia
868 608 974 670 lumina
997 618 1125 688 torpent,

207 686 210 697 '
263 695 322 756 lam
345 693 505 772 complexa
527 710 613 753 manu
635 694 744 754 crinem
768 703 849 754 tenet
870 693 964 754 infera
985 693 1066 763 luuo.

263 778 317 839 llle
340 787 456 854 tamen,
478 777 578 838 Parcis
600 777 723 854 fragiles
744 778 915 856 urgentibus
937 795 1039 855 annos,

264 862 305 923 'le
327 862 413 922 vultu
434 862 577 923 moriente
599 861 680 923 videt
700 861 859 942 linguaque
881 862 1005 922 cadente

263 946 437 1016 llurmnrat;
459 947 488 1006 in
509 954 539 1006 te
560 962 662 1006 omues
684 948 769 1006 vacui
791 949 848 1008 iarn
870 947 1000 1027 pectoris
1024 946 1105 1009 efflat
1221 958 1272 1014 150

262 1031 443 1111 llelliquius‚
466 1029 561 1092 solum
580 1031 707 1090 meminit
725 1031 879 1110 solumque
900 1040 1054 1091 vocantem

262 1114 406 1190 Exaudi,
430 1114 542 1194 tibique
564 1133 615 1176 ora
636 1123 750 1193 movet,
772 1117 824 1177 tibi
843 1115 935 1176 verbu
956 1116 1104 1196 relinquit,

263 1200 299 1261 lit
318 1198 460 1281 probibet
480 1201 606 1278 gemitus
628 1200 855 1280 consolaturque
876 1200 1034 1261 dolentem.

263 1285 383 1346 Gratum
407 1293 470 1361 est,
492 1284 567 1361 lata,
590 1293 702 1360 tamen,
726 1285 805 1364 qnod
826 1303 884 1346 non
905 1301 984 1344 mors
1005 1285 1083 1346 lenta
1106 1289 1228 1347 iacentis

262 1368 371 1430 Exedit
392 1369 508 1448 puerile
530 1369 638 1445 decus,
662 1388 822 1450 manesque
842 1368 949 1430 subivit
1219 1383 1270 1438 155

262 1453 382 1531 lnteger
404 1462 434 1513 et
454 1452 534 1514 nullo
554 1461 711 1514 temeratus
734 1472 861 1533 corpora
885 1454 1000 1533 damno,

263 1537 365 1612 Qualis
390 1546 463 1598 erat.
504 1536 581 1611 Quid
603 1555 661 1616 ego
686 1541 828 1619 exequias
850 1548 879 1598 et
902 1540 1027 1619 prodiga
1049 1541 1168 1604 dammis

215 1624 220 1632 '
262 1623 348 1683 Dona
368 1621 475 1700 loquar
495 1630 669 1702 moestoque
692 1624 823 1684 ardentia
848 1623 950 1685 lunera
971 1624 1061 1686 luxui

264 1707 350 1781 Quod
372 1705 425 1768 tibi
447 1722 597 1786 purpureo
620 1708 711 1768 tristis
733 1717 815 1768 torus
835 1726 946 1786 aggere
970 1711 1074 1788 crevit,

262 1789 349 1865 Quod
372 1788 496 1852 (lilinum
517 1791 625 1869 liores,
648 1791 726 1871 quod
748 1809 868 1853 munera
888 1795 1026 1870 graunrds
1047 1794 1119 1872 ludi,
1220 1808 1270 1863 160

262 1874 410 1955 Quodque
427 1875 544 1935 Arabes
563 1875 717 1955 Phariique
737 1876 952 1956 Palaestinique
972 1879 1103 1957 liquores
1183 1924 1185 1929 -

261 1960 404 2020 Arsuram
425 1959 527 2020 lavere
550 1958 684 2020 comam?
718 1958 806 2040 Cupit
824 1964 919 2023 omnia
941 1964 1022 2024 lerre

261 2042 407 2121 Prodigus
429 2053 459 2104 et
480 2053 559 2105 totos
579 2043 686 2106 blelior
704 2046 887 2107 succendere
909 2065 1027 2126 census,

260 2128 406 2190 llesertas
426 2145 536 2189 exosus
555 2146 645 2208 opes;
670 2130 724 2190 sed
743 2147 802 2191 non
823 2133 902 2210 capit
921 2133 997 2208 ignis

260 2212 397 2289 invidus,
421 2221 509 2292 atque
531 2222 630 2275 aretae
653 2214 756 2275 desunt
781 2217 810 2275 in
832 2233 950 2276 munera
973 2216 1114 2278 dammae.
1219 2208 1285 2282 165¹

260 2296 373 2357 llorror
395 2295 484 2357 habet
506 2315 620 2358 sensus.
660 2297 785 2372 Qualem
806 2308 836 2359 te
855 2299 959 2360 iuuere
982 2318 1092 2360 summo

260 2381 359 2460 Atque
381 2398 485 2458 rogum
507 2384 601 2457 iuxta,
624 2381 730 2443 Melior
751 2383 949 2462 placidissime
971 2386 1125 2464 quondam,

259 2464 403 2526 Extimui!
427 2474 496 2526 tune
518 2465 570 2526 ille
592 2465 692 2527 hilaris
709 2470 859 2547 comisque
884 2466 1000 2529 videri?

260 2548 343 2610 Unde
366 2550 453 2609 enimi
474 2567 641 2629 saevaeque
662 2569 763 2612 manns
787 2562 816 2612 et
837 2552 979 2614 barbarus
1000 2554 1126 2617 horror?

259 2631 300 2694 'ln
322 2632 414 2693 modo
436 2634 519 2694 lusus
540 2635 617 2695 humi
638 2635 733 2696 lucem
756 2637 902 2697 aversaris
923 2639 1062 2717 iniquam
1216 2651 1268 2707 170

258 2717 343 2779 Nunc
365 2727 467 2778 torvus
488 2720 599 2798 pariter
619 2729 721 2780 vestes
744 2729 774 2781 et
796 2731 918 2800 pectora
939 2726 1048 2803 rumpis

258 2801 453 2880 llileotosque
475 2804 584 2882 premis
605 2806 686 2864 visus
708 2815 738 2866 et
760 2806 865 2883 frigida
888 2806 992 2867 lambis

260 2885 381 2947 Oscula.
422 2885 513 2947 Erant
534 2887 595 2948 illic
615 2890 731 2967 genitor
753 2899 905 2968 materque
926 2892 1048 2951 iacentis

259 2968 389 3044 lloesta‚
412 2971 467 3031 sed
489 2973 603 3033 attoniti
624 2982 654 3033 te
675 2983 852 3052 spectavere
875 2984 1023 3054 parentes.

321 3053 400 3128 Quid
417 3052 540 3115 mirurni
576 3056 665 3116 Plebs
681 3067 786 3119 cuncta
801 3058 884 3118 melas
899 3068 928 3118 et
943 3060 1063 3138 praevia
1078 3059 1183 3121 derunt
1215 3072 1265 3127 175

259 3138 401 3218 Agmina,
424 3137 566 3201 Flaminio
587 3159 644 3221 qua
666 3142 755 3202 limite
774 3141 888 3202 Milvius
908 3161 1001 3221 agger

259 3221 447 3300 Praestabit,
469 3225 619 3285 inmeritus
641 3225 762 3287 dammis
782 3227 848 3287 dum
870 3228 1000 3288 tristibus
1023 3228 1116 3289 inians

260 3306 394 3368 Traditur
417 3316 447 3368 et
467 3310 606 3386 gemitum
629 3310 780 3390 formaque
802 3329 937 3390 aevoque
959 3323 1098 3373 meretur.

261 3389 338 3451 Palis
361 3392 391 3451 in
412 3391 584 3454 Isthmiacos
608 3395 739 3473 prolatus
762 3395 799 3455 ab
822 3412 952 3474 aequore
975 3406 1078 3476 portus

259 3473 423 3554 Naufragus
446 3477 572 3556 inposita
594 3480 681 3540 iacuit
703 3480 757 3539 sub
779 3489 872 3540 matre
893 3480 1065 3549 Palaemon;
1214 3493 1265 3546 leo

261 3560 307 3619 Sic
329 3568 359 3620 et
379 3561 408 3620 iu
429 3562 602 3639 anguiferae
622 3563 769 3624 ludentem
791 3565 921 3642 gramine
943 3566 1055 3626 Lernae

260 3640 422 3704 Praebisum
443 3647 571 3725 squamis
593 3648 695 3709 avidus
718 3648 791 3708 bibit
812 3649 914 3726 anguis
935 3648 1090 3729 Ophelten.

318 3727 400 3789 Pone
422 3739 517 3791 metus
539 3732 649 3812 letique
669 3736 760 3794 minas
779 3732 892 3794 desiste
913 3735 1026 3795 vereri:

299 3831 444 3878 arsuros.
466 3834 489 3875 r.
1085 3817 1111 3878 ‘e
