3134 4434
288 426 351 489 270
637 438 668 487 r.
689 438 823 487 enarum
845 438 976 490 srarn

286 594 444 677 Hippolyte
466 602 588 661 turmam
610 595 717 656 retinet
736 595 793 656 iam
814 603 897 656 certa
922 600 1084 661 tumentis

287 684 365 760 Spes
387 680 477 755 uteri,
501 679 665 758 coniuxque
686 690 772 759 rogat
790 681 942 741 dimittere
966 702 1070 746 curas

285 766 386 827 llartis
409 774 438 824 et
458 766 594 823 emeritas
616 763 741 826 thalamo
764 781 882 825 sacrare
906 766 1098 845 pharetras.

351 848 412 909 llos
432 848 481 908 ubi
503 848 582 908 velle
604 850 684 909 acies
707 859 736 910 et
756 849 834 909 dulci
856 849 1000 925 gliscere
1030 854 1124 915 ferro

286 935 354 995 Dux
375 933 471 1009 videt,
495 942 585 1011 utque
608 936 664 1011 piis
685 935 788 1012 raptim
811 934 880 993 dent
901 936 1019 999 oscula
1047 941 1132 1000 natis
1251 948 1284 1003 oo

285 1019 506 1098 Amplexusque
530 1017 654 1095 breves,
678 1037 763 1079 curru
782 1019 828 1078 sic
848 1019 926 1079 latur
950 1021 991 1081 ab
1019 1023 1108 1084 alto:

287 1104 461 1164 ‘Terrarum
482 1102 568 1179 leges
589 1113 619 1163 et
638 1103 734 1165 mundi
755 1102 880 1163 foedera
901 1121 1030 1167 mecum

286 1189 453 1249 Defensura
475 1205 590 1264 manus,
613 1187 715 1265 dignas
737 1189 870 1248 insumite
892 1199 1019 1251 mentes

288 1272 465 1352 Coeptibus;
488 1271 545 1331 hac
566 1290 678 1333 omnem
694 1274 853 1351 ,divumque
875 1272 1108 1358 hominumque
1130 1279 1252 1342 favorem

285 1357 480 1436 Naturamque
503 1356 605 1417 ducem
628 1367 789 1436 coetusque
810 1357 923 1417 silentis
943 1359 1073 1422 Averni
1251 1374 1284 1430 tlt

286 1446 372 1504 Stare
393 1443 489 1521 palam
511 1451 569 1508 est:
592 1442 654 1503 illic
674 1443 834 1503 Poenarum
856 1444 994 1507 exercita
1016 1445 1145 1511 Thebis

287 1529 426 1606 Agmina,
450 1534 479 1587 et
500 1529 689 1603 anguicomae
711 1527 817 1587 ducent
837 1526 947 1588 vexilla
970 1546 1125 1593 sorores.

285 1613 330 1674 Ite
351 1612 465 1672 alacres
485 1620 657 1691 tantaeque,
680 1628 807 1690 precor,
830 1611 970 1673 confidite
996 1624 1148 1679 causae.'

351 1696 445 1771 Dixit,
468 1705 498 1756 et
519 1699 624 1758 emissa
645 1715 791 1776 praeceps
811 1697 868 1757 iter
884 1696 1011 1759 inchoat
1031 1700 1141 1766 hasta,

286 1781 387 1857 Qualis
407 1779 616 1859 Hyperboreos
638 1781 686 1840 ubi
706 1781 821 1841 nubilus
841 1781 943 1841 institit
967 1801 1051 1845 axes
1252 1798 1286 1853 sta

285 1866 418 1946 Iuppiter
440 1874 470 1925 et
489 1862 578 1943 prima
599 1866 765 1926 tremefecit
786 1867 881 1927 sidera
901 1865 1025 1937 bruma;

286 1950 437 2030 Rumpitur
455 1950 579 2026 Aeolia,
602 1959 632 2010 et
653 1950 770 2028 longam
792 1951 937 2028 indignata
960 1955 1108 2029 quietern

286 2036 377 2096 'lollit
396 2036 488 2095 hiems
510 2037 620 2096 animos
639 2045 822 2115 ventosaque
843 2035 940 2095 sibilat
959 2036 1096 2101 Arctos.

287 2120 368 2181 'lunc
389 2129 501 2179 montes
522 2122 675 2199 undaeque
696 2121 835 2195 fremunt,
858 2130 926 2180 tunc
947 2124 1076 2198 proelia
1105 2133 1209 2192 caesis

286 2204 416 2265 Nubibus
435 2215 465 2264 et
485 2207 608 2265 tonitrus
629 2207 789 2284 insanaque
809 2205 925 2265 fulmina
944 2208 1098 2282 gaudent.
1255 2224 1291 2278 aaa

349 2290 409 2350 lota
431 2291 520 2367 gemit
538 2291 643 2367 tellus,
666 2290 774 2350 virides
796 2291 895 2368 gravis
915 2291 1030 2367 ungula
1052 2313 1191 2379 campos

285 2373 391 2450 Mutat,
415 2385 444 2435 et
465 2376 620 2435 innumeris
643 2375 828 2454 peditumque
851 2375 1043 2453 equitumque
1065 2389 1211 2446 catervis

284 2459 406 2539 Expirat
428 2460 565 2537 protritus
587 2477 675 2538 ager,
697 2478 754 2520 nec
773 2461 896 2540 pulvere
918 2477 1026 2521 crasso

285 2545 438 2604 Armorum
462 2545 512 2604 lux
533 2545 610 2604 victa
632 2546 724 2623 perit,
747 2546 801 2606 sed
822 2547 852 2604 in
872 2544 992 2604 aethera
1016 2546 1154 2628 longum

284 2629 452 2706 Frangitur,
476 2636 506 2687 et
525 2629 628 2688 mediis
650 2629 752 2689 ardent
772 2630 801 2689 in
822 2627 943 2689 nubibus
966 2629 1088 2693 hastae.
1255 2649 1295 2702 aaa

283 2714 408 2775 Noctem
429 2713 504 2773 adeo
526 2713 715 2792 placidasque
737 2716 822 2793 operi
840 2716 960 2774 iunxere
983 2719 1143 2782 tenebras

285 2798 497 2876 Certamenque
517 2800 629 2858 inmane
650 2800 736 2875 viris,
760 2816 818 2878 quo
841 2801 954 2859 concita
977 2802 1110 2864 tendant

283 2885 422 2962 Agmina,
446 2885 510 2962 quis
531 2885 610 2943 visas
630 2884 792 2963 proclamet
812 2883 849 2944 ab
871 2901 983 2960 aggere
1003 2883 1150 2969 Thebas,

287 2966 376 3028 Cuius
396 2970 424 3027 in
447 2968 562 3045 Ogygio
583 2977 641 3028 stet
661 2970 800 3047 princeps
820 2969 922 3028 lancea
944 2986 1039 3028 muro.

347 3052 387 3112 At
405 3053 509 3131 procul
531 3054 639 3131 ingenti
658 3051 819 3132 Neptunius
841 3054 953 3130 agmina
976 3052 1124 3119 Theseus
1254 3074 1296 3130 aaa

283 3137 429 3214 Angustat
448 3137 563 3216 clipeo,
586 3139 782 3218 propriaeque
808 3137 927 3198 exordia
950 3137 1048 3199 laudis

286 3221 407 3283 Centum
428 3220 518 3281 urbes
537 3222 662 3283 umbone
681 3226 758 3301 gerit
779 3232 960 3301 centenaque
982 3221 1098 3288 Cretae

282 3307 416 3381 Moenia,
439 3324 530 3384 seque
554 3310 647 3386 ipsum
667 3308 822 3368 monstrosi
843 3307 1012 3384 ambagibus
1034 3317 1118 3374 antri
1333 3338 1342 3409 p

283 3390 402 3471 Hispida
423 3401 606 3469 torquentem
628 3393 762 3453 luctantis
784 3392 861 3453 colla
883 3393 1008 3466 iuvenci,

283 3476 481 3556 Alternasque
501 3495 600 3536 manus
622 3479 729 3537 circum
750 3487 781 3538 et
800 3479 910 3539 nodosa
930 3477 1071 3554 ligantem
1250 3496 1297 3553 ppo

282 3561 404 3622 Brachia
426 3570 455 3620 et
476 3560 602 3621 abducto
623 3564 759 3622 vitantem
782 3579 890 3622 cornua
909 3562 1000 3621 vultu.

284 3645 393 3705 Terror
413 3646 502 3706 habet
523 3646 666 3725 populos,
690 3666 775 3726 quum
799 3657 899 3726 septus
918 3647 1045 3724 imagine
1068 3660 1163 3720 torva

279 3729 445 3811 Ingreditur
464 3749 594 3813 pugnas;
617 3730 663 3794 bis
682 3731 804 3793 'lhesea
819 3731 929 3808 bisque
945 3741 1087 3793 cruentas
