3134 4434
598 454 804 504 THEBAIDOS
821 455 891 508 LlB·
914 457 939 504 1.
1009 490 1010 494 ,
1042 488 1045 493 -

337 611 452 672 Deiecit
473 621 604 672 moestos
627 612 775 692 extemplo
797 611 946 690 Ismenius·
961 612 1050 674 horos

276 697 308 756 ln
331 707 437 757 terram
458 697 571 774 vultus,
591 698 739 776 taciteque
759 698 796 758 ad
814 696 919 773 'Tydea
941 696 1052 763 laesum

276 782 435 860 Obliquare
458 782 562 842 oculos
570 803 578 855 ;
601 792 660 842 tum
682 781 770 859 longa
791 781 906 842 silentia
925 783 1032 843 movit:
1057 809 1060 813 ’
1224 792 1275 849 675

278 866 356 927 ‘Non
378 886 466 946 super
488 867 542 928 hos
563 867 658 927 divum
673 865 809 929 tibisum
830 866 1015 946 quaerendas
1036 867 1176 946 honores,

275 951 358 1012 Unde
380 971 491 1029 genus,
516 969 590 1030 quae
613 953 692 1012 terra
709 951 793 1029 mibi,
817 952 881 1031 quis
903 951 1011 1012 defluat
1033 952 1107 1014 ordo

276 1039 333 1098 San
357 1038 431 1096 uinis
453 1037 510 1097 anti
534 1038 576 1096 ui:
596 1038 679 1116 piget
700 1037 776 1097 inter
798 1054 882 1103 sacra
903 1035 999 1097 lateri.
1034 1076 1037 1086 -

275 1123 296 1182 S
357 1140 382 1180 sr
405 1130 598 1201 praccrprtant
619 1120 756 1182 mise-rum
779 1136 964 1198 cognoscere
986 1120 1094 1197 curae,

276 1205 402 1267 Cadmus
420 1209 504 1284 origo
526 1213 655 1285 patrutn,
675 1205 764 1267 tellus
781 1204 923 1267 Mavortia
942 1204 1055 1281 Thebe,
1223 1219 1275 1273 680

273 1291 312 1351 Et
333 1293 469 1368 genetrix
489 1289 605 1352 Iocasta
622 1290 714 1350 mihi.'
757 1289 830 1350 'l'urn
850 1299 945 1351 motus
960 1288 1116 1350 'Adrastus-

273 1375 415 1454 llospitiis
437 1377 615 1454 -agnovit
636 1377 712 1436 eninr
729 1397 788 1436 -r
812 1374 993 1450 ‘Quid-nota
1014 1372 1173 1436 recondis?
1194 1418 1202 1430 .

275 1461 405 1536 Scimus,
428 1462 482 1530 ait;
502 1479 559 1520 nec
581 1461 625 1520 sic
644 1478 778 1521 aversum
797 1460 872 1520 lama
893 1457 1024 1536 Mycenis

273 1545 374 1606 Volvit
391 1546 457 1606 iter.
493 1545 626 1623 Regnum
642 1554 672 1605 et
687 1543 786 1605 iurias'
795 1544 957 1624 oculosque
974 1544 1117 1624 pudentes

274 1628 379 1707 Novit,
401 1641 431 1691 et
451 1630 570 1691 Arctois
593 1631 618 1689 si
641 1631 705 1708 quis
728 1628 765 1689 dc
787 1627 899 1689 solibus
920 1628 1030 1706 horret,
1222 1641 1274 1696 686

276 1714 391 1792 Quique
413 1713 484 1776 bibit
507 1714 627 1792 Gangen
648 1723 696 1776 aut
716 1715 829 1792 nigrum
851 1713 1006 1775 occasibus
1025 1714 1110 1774 intrat

275 1798 440 1876 Oceanum,
464 1809 494 1859 et
515 1801 541 1859 si
562 1817 636 1878 qnos
654 1800 767 1861 incerto
790 1799 876 1860 litore
898 1799 1001 1876 Syrtes

273 1884 449 1945 Destituunt.
494 1883 541 1944 Nc
563 1902 657 1964 perge
680 1884 764 1964 queri
787 1901 931 1962 casusque
950 1885 1079 1964 priorum

273 1968 474 2030 Adnnmerare
497 1969 564 2030 tihi:
586 1979 688 2029 nostro
710 1984 829 2049 quoque
850 1970 992 2046 sanguine
1013 1969 1131 2030 multum

273 2051 392 2114 Erravit
415 2055 527 2133 pietas,
550 2071 606 2114 nec
632 2053 719 2132 culpa
739 2053 896 2132 nepotibus
918 2052 1026 2114 obstat.
1221 2065 1274 2120 690

275 2138 318 2198 Tu
340 2139 427 2199 modo
450 2138 598 2199 dissimilis
618 2137 708 2199 rebus
729 2155 862 2198 mereare
883 2138 1019 2198 secundis

272 2221 425 2284 Excusare
445 2233 527 2289 tuos;
551 2222 605 2282 sed
624 2223 680 2283 iam
701 2231 819 2283 temone
840 2223 944 2300 supino

273 2307 403 2386 languet
421 2307 634 2388 Hyperboreae
656 2306 791 2384 glacialis
813 2307 938 2386 portitor
956 2305 1060 2368 Ursae.

273 2392 397 2453 Funditc
419 2395 485 2454 vina
505 2393 597 2468 iocis,
618 2400 858 2471 servatoremque
881 2400 1033 2471 parentum
1076 2407 1080 2414 ·

272 2477 412 2538 Latoiden
433 2480 511 2538 votis
531 2478 695 2556 iterumque
713 2477 877 2556 iterumque
898 2480 1056 2538 canamus?

339 2562 471 2623 ‘Phoebe
494 2580 617 2641 parens,
639 2580 692 2622 seu
710 2571 741 2622 te
763 2561 871 2638 Lyciae
890 2561 1031 2624 Pataraoa
1053 2563 1163 2624 nivosis

273 2647 423 2707 Exercent
445 2648 559 2708 dumeta
579 2648 670 2725 iugis,
694 2665 747 2708 seu
769 2665 838 2708 rore
861 2646 968 2727 pudico

274 2729 420 2792 Castaliae
440 2732 533 2792 flavos
555 2749 637 2792 amor
659 2731 776 2792 esttibi
798 2749 936 2810 mergere
957 2733 1065 2808 crines,

273 2819 333 2876 Seu
355 2816 471 2878 Troiam
495 2816 695 2892 Thymbraeus
718 2816 828 2893 habes,
851 2815 899 2876 nbi
922 2817 998 2877 lama
1018 2817 1166 2878 volentem

273 2901 398 2979 Ingratis
418 2901 561 2978 Phrygios
584 2901 709 2960 humeris
730 2901 856 2961 subiisse
877 2900 1016 2978 molares,
1221 2912 1274 2968 700

274 2987 334 3046 Seu
358 2988 436 3046 iuvat
458 2985 610 3062 Aegaeum
633 2985 744 3045 feriens
763 2984 900 3045 Latonius
922 2983 1022 3045 umbra

274 3069 404 3147 Cynthus
426 3078 456 3130 et
478 3069 620 3130 assiduam
639 3068 747 3148 pelago
769 3085 828 3129 non
847 3086 991 3148 quaerere
1012 3068 1123 3131 Delon:

275 3154 346 3215 Tela
368 3155 419 3215 tibi
442 3156 591 3232 longeque
611 3154 693 3215 leros
711 3153 863 3214 lentandus
884 3154 913 3212 in
933 3153 1034 3214 hostes

273 3240 385 3316 Arcus,
410 3249 440 3299 et
462 3239 585 3301 aetherii
607 3238 684 3299 dono
708 3257 830 3299 cessere
853 3246 991 3317 parentes

271 3325 432 3385 Aeternum
454 3325 561 3385 llorere
580 3342 684 3402 genas.
729 3323 772 3384 Tu
794 3323 898 3383 doctus
919 3323 1032 3402 iniquas
1219 3334 1270 3390 766

273 3410 428 3470 Parcarum
450 3427 612 3489 praenosse
632 3427 733 3469 manus
754 3408 902 3486 latumque
925 3408 1003 3487 quod
1027 3408 1100 3469 nltra
1123 3419 1178 3486 est,

274 3493 312 3554 Et
333 3511 444 3554 summo
463 3495 604 3574 placitura
617 3494 702 3571 lovi,
726 3495 792 3573 quis
815 3492 914 3553 letifer
935 3511 1036 3569 annus,

274 3579 356 3639 Bella
378 3578 481 3657 quibus
504 3579 636 3658 populis,
658 3587 767 3640 mutent
789 3595 863 3657 quae
885 3586 1005 3657 sceptra
1028 3586 1170 3638 cometae.

275 3663 317 3723 Tu
339 3663 454 3740 Phryga
476 3663 618 3723 submittis
637 3663 785 3739 citharae,
806 3673 836 3723 tu
855 3663 954 3723 matris
971 3661 1076 3723 honori

275 3748 464 3827 Terrigenam
484 3747 589 3825 Tityon
611 3748 722 3829 Stygiis
743 3747 880 3811 extendis
898 3748 1010 3811 arenis.
1228 3752 1294 3800 'lxo
