3134 4434
658 470 867 521 PRAEFATIO.
1244 472 1266 519 V

345 634 528 691 Enumeratis
543 631 604 700 his,
623 622 723 711 quibus
738 633 783 689 usi
797 648 894 689 sumus
912 628 1076 711 laedendis
1091 628 1170 686 silvis
1185 642 1267 713 prae·

261 720 346 777 sidiis
363 719 486 787 criticis,
502 718 560 772 iarn
574 716 696 774 breviter
710 732 902 788 exponamus,
919 728 974 786 qua
988 714 1096 770 ratione
1111 714 1156 791 usi
1169 710 1267 787 simus,

261 804 397 862 Omnium
411 802 485 858 enim
502 801 631 857 codicum
645 803 797 858 auctoritas
813 815 924 858 summa
939 796 1049 855 videtur
1063 792 1267 857 Vratislavie'n·

263 889 319 957 sis,
344 888 394 959 qui
416 888 537 941 tortasse
560 890 679 941 exeunte
703 888 819 942 saeculo
840 884 914 939 Xlll.
936 882 1072 957 scriptus,
1098 874 1267 957 quamoua'ni

261 973 373 1044 passim
392 968 531 1031 mirabilia
552 966 755 1026 exhibet'vitia
776 971 824 1027 vel
848 971 956 1035 errata,
989 973 1081 1021 tamen
1100 960 1266 1043 plerunque

261 1072 363 1112 veram
378 1054 529 1110 lectionem
543 1055 672 1125 praebet,
686 1046 734 1109 'vel
751 1054 822 1125 ipsis
837 1052 912 1109 vitiis
928 1050 1006 1107 viam
1021 1050 1141 1119 indicat,
1160 1054 1215 1124 qua
1230 1050 1267 1106 ad

262 1156 366 1196 veram
380 1140 531 1195 lectionem
546 1126 689 1209 perveniri
702 1138 803 1211 possit.
837 1136 957 1193 Videtur
978 1140 1072 1190 autern
1087 1134 1203 1191 Vratisl.
1219 1136 1268 1189 no·

262 1226 308 1280 bis
325 1224 454 1294 optimus¹
464 1238 521 1276 non
536 1222 809 1295 solumpropterea,
824 1219 900 1293 quod
915 1218 1112 1275 cumeditione
1122 1212 1268 1291 Parmensi

264 1307 435 1379 saepissime
456 1306 610 1374 consentit,
632 1304 685 1363 sed
705 1306 791 1360 etiam
811 1304 925 1377 quoda
947 1304 1040 1360 scriba
1054 1302 1268 1379 emendationes

264 1393 313 1447 vel
328 1388 497 1447 mutationes
516 1390 624 1461 suscipi
644 1390 758 1446 omnino
773 1406 831 1444 non
849 1394 994 1461 poterant,
1020 1388 1124 1461 quippe
1142 1388 1189 1461 qui
1205 1390 1269 1444 sub·

266 1478 356 1532 tiliore
373 1475 502 1531 doctrina
520 1490 692 1546 magnopere
712 1474 861 1529 destitutus
883 1488 939 1527 non
954 1474 1043 1529 verba
1059 1486 1203 1544 vocesque
1221 1470 1269 1528 de·

266 1559 437 1632 scripsisse,
458 1557 512 1614 sed
525 1560 619 1629 potius
639 1560 735 1614 literas
754 1557 919 1631 depinxisse
939 1556 986 1613 vel
1000 1558 1108 1629 passim
1122 1558 1213 1613 verba
1225 1557 1268 1612 di·

266 1650 340 1701 ctata
358 1645 468 1715 calamo
492 1641 644 1714 excepisse
665 1642 812 1708 videatur;
825 1642 947 1697 omnino
970 1642 1000 1696 in
1017 1641 1176 1699 nominibus
1195 1657 1268 1712 quae

266 1729 398 1784 dicuutur
420 1728 543 1800 propriis
565 1727 734 1799 saepissime
755 1725 934 1782 inveniuntur
958 1726 1030 1780 mira
1051 1726 1129 1781 vitia.
1166 1724 1269 1782 Contra

266 1813 403 1869 lectiones
416 1811 482 1869 eod.
498 1813 589 1867 Paris.
604 1811 682 1867 haud
696 1827 760 1866 raro
783 1826 818 1865 eo
837 1811 929 1882 magis
946 1816 1096 1882 suspectae
1112 1815 1190 1879 sunt,
1212 1824 1267 1883 quo

266 1897 385 1969 saepius
413 1896 537 1954 scribam
563 1896 646 1952 simul
671 1894 761 1952 critici
781 1894 928 1971 negotium
950 1894 1003 1950 sibi
1031 1890 1269 1968 imposuissem-

266 1975 373 2039 dicaut.
431 1988 433 1993 '
750 2040 752 2045 ,

351 2063 455 2121 Varias
473 2063 607 2120 librorum
622 2054 707 2120 manu
723 2064 890 2137 scriptorum
905 2072 932 2121 et
946 2064 1115 2133 editionum,
1132 2079 1203 2136 quas
1220 2079 1270 2118 no·

267 2151 390 2219 minari,
410 2148 548 2204 lectiones
569 2149 642 2205 inira
664 2140 811 2227 composui
831 2157 862 2206 et
879 2151 1058 2219 enumeravi,
1082 2165 1139 2203 nun
1160 2164 1269 2219 ornnes,

267 2234 321 2291 sed
333 2248 408 2306 quae
424 2233 572 2304 graviores
588 2232 769 2302 viderentur,
787 2240 817 2288 ut
832 2234 935 2306 etipse
951 2234 1163 2290 tundamentum
1177 2233 1269 2304 quasi,

268 2320 297 2374 in
312 2333 369 2389 quo
390 2318 525 2372 niteretur
543 2317 632 2372 oratio
654 2316 796 2387 Statiano,
819 2316 954 2374 haberem
976 2318 1069 2373 etalii
1090 2332 1201 2389 quoque
1222 2332 1271 2372 co·

268 2417 409 2477 gnoscere
424 2406 555 2472 possent,
570 2402 670 2473 quibus
688 2402 784 2459 causis
801 2403 828 2456 in
847 2402 966 2475 singuiis
981 2402 1050 2458 locis
1064 2401 1269 2459 constituendis

269 2487 372 2543 ductus
388 2485 498 2540 luerim.
530 2484 621 2552 Quum
638 2487 713 2541 enirn
727 2485 806 2542 haud
821 2503 885 2543 raro
901 2486 1080 2543 discederem
1095 2487 1124 2541 in
1141 2488 1269 2542 oratione

270 2571 400 2628 Statiano
421 2569 618 2625 constituenda
635 2570 850 2641 aMarlrlaudo,
874 2588 959 2643 quern
976 2589 1075 2628 omnes
1094 2572 1154 2626 lere
1174 2578 1269 2642 poste-

269 2656 362 2711 riores
384 2654 506 2710 editores
523 2654 700 2725 (bipontini,
728 2655 901 2723 Lemairius,
922 2656 1079 2725 Weberus,
1105 2655 1269 2731 Dubnerus)

269 2741 422 2795 maximam
438 2745 547 2809 partem
568 2739 658 2794 secuti
676 2746 757 2809 sunt,
780 2757 816 2794 ne
838 2742 986 2797 temerarie
1003 2746 1087 2812 atque
1105 2744 1269 2812 arroganter

270 2825 338 2879 tanti
358 2829 471 2894 tamque
492 2823 635 2894 ingeniosi
654 2825 710 2880 viri
728 2824 939 2881 emendationes
957 2830 1124 2897 aspernatus
1144 2841 1210 2880 esse
1224 2825 1270 2897 >vi·

271 2906 372 2975 demr,
390 2913 573 2979 conspectum
587 2908 729 2964 variarum
743 2910 877 2973 librorum
893 2910 1059 2977 lectionum,
1082 2909 1129 2963 ubi
1145 2924 1162 2963 a
1175 2908 1270 2963 Marii-

271 2991 406 3047 landiaua
425 2997 523 3067 nostra
543 2991 629 3047 editio
651 2991 811 3065 discrepat,
832 2992 939 3048 addere
960 2992 1154 3048 necessarium
1174 2992 1269 3049 visum
1335 2982 1338 2987 ¹

271 3082 324 3131 est.
361 3075 472 3147 Ingenii
494 3090 528 3130 ac
549 3076 729 3131 scientiarum
752 3078 864 3149 copiam
885 3076 1048 3133 blarlr'landi
1064 3079 1194 3151 quamvis
1210 3094 1268 3133 rna·

271 3175 399 3232 gnopere
415 3158 537 3215 admirer
554 3166 582 3214 et
596 3162 789 3217 lubentissime
804 3161 974 3230 concedam,
993 3178 1103 3218 summa
1120 3168 1147 3217 et
1157 3164 1269 3218 immor-

269 3244 337 3299 talia
352 3244 382 3298 in
400 3242 519 3300 Statium
533 3244 732 3317 explicandum
750 3251 777 3300 et
794 3244 1001 3302 emendandum
1017 3249 1078 3303 eius
1090 3263 1155 3302 esse
1170 3248 1270 3302 merila

270 3326 447 3399 eximiasque
463 3328 492 3383 in
506 3328 625 3400 singulis
642 3330 712 3385 locis
728 3329 941 3387 emendationes
956 3347 990 3387 ac
1013 3331 1216 3399 divinationes,
1238 3329 1269 3386 id

270 3419 367 3468 tamen
386 3411 557 3468 contendere
580 3415 686 3479 ausim,
699 3442 701 3447 ·
714 3413 912 3477 Marklandum
933 3416 1090 3471 orationem
1111 3414 1191 3472 Statii
1210 3424 1269 3471 non

271 3510 335 3551 eam
355 3497 530 3564 restituisse,
546 3499 637 3569 qualis
653 3498 792 3570 principio
807 3499 907 3568 inerit,
930 3498 982 3554 sed
992 3503 1109 3572 quanm
1126 3518 1191 3556 esse
1206 3501 1268 3570 ipse

270 3595 323 3655 pro
339 3580 445 3654 ingenii
467 3581 511 3636 sui
529 3598 639 3645 summa
651 3583 802 3655 elegantia
819 3585 949 3639 voluerit.
982 3584 1046 3641 Non
1064 3586 1164 3656 optimc
1183 3597 1268 3655 qrrce-

271 3679 324 3736 quc
337 3671 365 3721 et
371 3663 580 3737 perfecbbnmo
597 3683 615 3720 o
626 3665 712 3722 Statio
721 3667 855 3739 profecta
870 3681 930 3722 esse
939 3669 1082 3737 probabile
1098 3671 1152 3734 est,
1168 3668 1269 3739 quippe

271 3750 320 3821 qui
331 3749 436 3821 ,subdo
449 3751 544 3808 colore
559 3756 586 3807 ct
596 3752 718 3824 quadam
732 3751 888 3828 festinandi
902 3747 1062 3826 onttrptatc“
1080 3751 1211 3808 carratae
1223 3765 1279 3805 aaa
