3134 4434
501 506 503 511 ,
570 448 572 453 ·
614 450 794 503 smvsnorr
815 451 849 500 n.
864 451 904 499 11.
1221 441 1259 504 31

250 605 388 672 Ponere?
423 606 467 668 Tu
489 606 607 668 domino
628 607 748 686 requies
770 615 933 686 portusque
955 616 1106 686 senectae,
1229 616 1263 673 to

253 695 292 756 Pu
315 692 410 754 modo
431 691 575 769 deliciae,
597 691 700 753 dulces
721 692 810 753 modo
833 701 958 770 pectore
979 709 1079 755 corae.

251 779 314 841 Non
336 787 369 838 te
390 776 567 837 barbaricae
586 775 725 841 versabat
744 775 832 837 turbo
854 785 994 850 catastae,

252 863 317 924 llex
337 863 450 922 mixtus
469 860 581 922 Phariis
602 861 716 922 venalis
736 859 1012 935 mercibus-inians,

253 946 504 1027 Compositosqne
526 944 606 1007 sales
624 945 821 1024 meditataque
843 944 936 1005 verbu
958 944 1074 1005 locutus

254 1031 405 1107 Quaesisti
428 1030 556 1090 lascivus
577 1029 680 1091 herum
700 1029 854 1108 tardeque.
867 1029 986 1109 parasti.

252 1117 324 1177 lliuc
346 1115 469 1192 domus,
491 1113 559 1175 binc
574 1123 677 1190 ortus,
700 1114 867 1192 dominique
888 1112 1042 1193 penatibus
1064 1113 1133 1175 olim

254 1200 346 1263 carus
368 1209 496 1278 uterque
518 1217 626 1279 parens
645 1208 735 1278 atque
757 1200 787 1259 in
805 1207 854 1259 tue
875 1198 981 1275 gaudia
1002 1197 1087 1259 liber.

253 1285 295 1346 Ne
318 1301 484 1364 quererere
505 1301 615 1361 genus,
638 1292 753 1363 murm
773 1292 804 1343 te
826 1283 957 1362 protinus
975 1283 1043 1344 alvo

256 1369 379 1431 Sustulit
402 1367 537 1428 exultans
551 1385 595 1429 ae
617 1368 711 1447 qarbu
732 1367 828 1429 lucida
848 1384 925 1427 voce

255 1456 341 1514 llstra
365 1450 540 1512 salutantem
562 1452 699 1515 dominus-
715 1451 770 1513 sibi
789 1460 887 1512 mente
908 1452 1026 1528 dicavit,

256 1538 478 1618 Amplexusque
500 1537 564 1596 sinu
585 1536 652 1597 tulit
669 1545 700 1596 et
718 1537 859 1613 genuisse
880 1538 1001 1614 putavit.

315 1622 376 1684 Pas
399 1621 468 1680 mihi
485 1630 652 1683 sanctorum
670 1623 756 1681 venia
774 1620 885 1681 dixisse
905 1629 1067 1699 parentum,

256 1708 375 1786 Tuque,
401 1723 471 1782 oro,
494 1715 614 1782 natura,
637 1707 732 1782 sinas,
756 1705 804 1767 cui
823 1707 915 1785 prima
937 1722 992 1784 per
1013 1704 1117 1766 orbem

255 1792 319 1853 lura
343 1791 447 1852 enutris
469 1791 584 1851 sancire
606 1790 719 1851 datum:
742 1807 801 1851 non
824 1791 919 1851 omnia
941 1791 1060 1867 sanguis

255 1876 409 1937 Proximus
427 1882 477 1935 aut
496 1876 575 1935 serie
597 1876 716 1952 generis
739 1874 866 1935 demisse
888 1891 1022 1953 propago

256 1961 385 2039 lllligat;
408 1959 529 2019 interius
550 1976 626 2019 nova
647 1976 741 2038 saepe
765 1958 937 2037 adscitaque
959 1968 1082 2038 serpunt

255 2045 384 2123 Pignora
406 2046 557 2105 connexis.
596 2041 689 2105 Natos
709 2045 849 2120 genuisse
870 2061 998 2105 necesse
1018 2054 1074 2121 est,

256 2131 292 2191 llt
315 2129 431 2207 legisse
454 2129 542 2188 iuvat.
568 2127 701 2189 -Tenero
724 2129 769 2187 sic
791 2128 915 2189 blandus
934 2128 1046 2189 Achilli

257 2214 385 2274 Semifer
406 2211 596 2273 Haemonium
616 2212 754 2275 vincebat
776 2212 867 2274 Pelea
885 2210 1004 2272 Chiron.

256 2298 319 2359 Nec
341 2300 460 2376 genitor
481 2296 588 2358 Peleus
607 2306 705 2357 netum
726 2298 879 2357 comitatus
899 2297 928 2356 in
949 2314 1027 2356 arma

257 2383 382 2458 Proice,
406 2382 460 2444 sed
482 2398 552 2442 caro
575 2381 706 2442 Phoenix
728 2380 872 2441 haerebat
891 2380 1017 2441 alumno.

257 2465 385 2547 Optabat
405 2467 494 2544 longe
516 2466 625 2526 reditus
646 2464 784 2527 Pallantis
808 2474 930 2525 ovantes

255 2549 410 2628 Euander,
434 2550 506 2611 lidos
527 2568 643 2629 pugnas
657 2549 816 2628 spectabat
837 2550 980 2610 Acoetes.

258 2635 413 2713 Quumque
435 2634 540 2715 procul
562 2634 657 2697 nitidis
678 2635 796 2710 genitor
819 2643 951 2695 cessaret
971 2633 1008 2695 ab
1031 2636 1128 2712 astris,

256 2719 447 2798 Fluctivagus
467 2719 619 2781 volucrem
641 2718 777 2781 comebat
795 2718 904 2780 Persea
924 2718 1037 2792 Dictys.
1230 2731 1263 2784 95

320 2803 400 2878 Quid
421 2803 548 2864 referam
569 2803 702 2865 ultricum
722 2803 816 2863 victas
839 2806 948 2882 pietate
970 2801 1130 2881 parentes?

257 2888 333 2962 Quid
355 2897 386 2947 te
408 2897 477 2967 post
499 2889 614 2948 cineres
637 2888 823 2966 deceptaque
844 2888 945 2947 lunera
966 2887 1076 2963 matris,

258 2972 359 3034 Tutius
383 2971 455 3032 lnoo
477 2980 641 3051 reptantem
664 2981 806 3051 pectore,
828 2968 967 3031 Bacche?

256 3058 315 3118 lana
334 3074 442 3117 secura
463 3074 571 3136 parens
593 3055 718 3117 Thuscis
738 3056 882 3133 regnabat
901 3056 930 3115 in
951 3055 1034 3116 undis

256 3141 325 3217 llic,
348 3149 514 3220 portantem
536 3140 666 3201 lassabat
684 3139 825 3201 Romulus
845 3139 966 3200 Accam.
1214 3156 1266 3207 100

256 3225 322 3287 Vidi
341 3243 401 3302 ego
421 3234 583 3286 transertos
602 3224 698 3286 alieno
717 3227 747 3285 in
767 3224 879 3285 robore
901 3240 998 3285 ramos

257 3310 354 3370 Altius
376 3311 420 3369 ire
440 3310 511 3370 suis.
550 3308 589 3368 Et
609 3318 639 3370 te
656 3312 712 3369 iam
733 3309 847 3370 lecerat
865 3309 909 3370 illi

257 3392 340 3454 llens
359 3395 529 3472 animusque
552 3402 681 3471 patrem,
709 3392 832 3453 necdum
851 3410 988 3453 moresve
1011 3393 1157 3453 decorus:

259 3476 301 3538 Tu
323 3487 421 3540 tamen
440 3486 600 3553 emotas,
624 3479 711 3538 ctiam
734 3486 793 3537 turn
810 3495 971 3552 murmura,
994 3494 1097 3553 voces,

258 3561 452 3640 vagitumque
473 3562 575 3622 rudem
596 3561 742 3640 {letusque
764 3561 881 3621 infantis
903 3560 1030 3621 amabas.
1215 3573 1264 3623 105

258 3644 312 3706 lllc
333 3646 418 3707 velut
439 3647 549 3725 primos
571 3647 755 3724 expiraturus
775 3645 811 3704 ad
833 3654 948 3705 austros

259 3727 396 3792 llollibus
418 3731 447 3790 in
469 3730 560 3819 pratis
584 3731 643 3790 alte
665 3730 720 3791 llos
742 3728 884 3808 inprobus
904 3736 996 3804 extat,
