3134 4434
322 454 342 515 6
526 460 528 464 ·
656 467 687 512 P.
709 467 844 515 annu
868 467 984 514 suurn

320 624 397 684 dicat
418 641 434 684 a
456 625 512 684 situ
535 625 636 683 literas
656 624 711 683 iam
726 642 821 702 paene
835 622 998 701 fugientes,
1021 622 1100 683 solet
1114 622 1191 683 ultro
1204 641 1322 704 quoque

319 710 433 768 nomine
454 725 521 768 meo
542 708 678 785 gloriari,
700 708 799 768 villam
819 707 994 767 Tiburtinam
1016 725 1097 766 suam
1112 708 1323 788 descriptam

320 792 404 853 uobis
427 811 483 852 uno
506 793 561 853 die.
606 793 744 871 Sequitur
771 792 890 852 libellus
912 791 1019 852 Rutilio
1044 791 1158 853 Gallico
1183 794 1321 854 couvale-
1348 804 1352 809 ·

320 880 414 938 scenti
441 878 608 955 dedicatus,
625 877 676 937 de
705 894 762 956 quo
790 876 860 937 nibil
887 877 970 952 dico,
1000 895 1037 936 ne
1064 876 1168 937 videar
1192 877 1321 939 defuncti

319 964 403 1023 testis
425 963 583 1022 occasione
604 962 727 1022 mentiri.
771 961 845 1021 Nam
862 959 975 1021 Claudii
992 960 1108 1020 Etrusci
1126 962 1322 1023 testimonium

319 1056 379 1124 est,
404 1047 451 1125 qui
472 1047 638 1107 balneolum
660 1065 677 1108 a
697 1064 744 1106 me
761 1064 843 1106 suum
856 1047 930 1107 iutra
946 1063 1056 1105 moram
1070 1062 1182 1108 coenae
1196 1049 1320 1127 recepit.

317 1131 350 1191 lu
371 1132 428 1192 line
448 1141 514 1191 sunt
534 1130 684 1191 Kalendae
706 1130 905 1207 Decembres,
930 1129 1034 1208 quibus
1050 1130 1156 1209 utique
1176 1132 1321 1193 creditur:

316 1226 434 1276 noctem
467 1217 542 1276 enim
574 1215 653 1276 illam
686 1215 885 1277 felicissimam
918 1214 1027 1277 babent
1058 1223 1088 1276 et
1122 1215 1322 1297 voluptatibus

318 1299 444 1381 publicis
464 1302 663 1381 inexpertam.

503 1460 528 1511 1.
555 1460 682 1522 EQUUS
709 1461 884 1512 MAXIMUS
912 1460 1129 1512 DOMITIANI.

380 1553 462 1628 Quae
485 1557 702 1635 superinposito
724 1557 819 1617 moles
840 1559 984 1634 geminata
1009 1557 1128 1617 colosso
1203 1568 1207 1576 ·

319 1641 382 1700 Stat
402 1639 512 1700 Latium
532 1642 687 1720 complexa
709 1638 827 1702 lorum?
855 1640 984 1702 Caclone
1007 1650 1157 1721 peractum

315 1723 414 1784 Fluxit
436 1723 531 1804 opus?
564 1725 672 1785 Siculis
683 1716 729 1786 'In
751 1727 931 1786 conformata
951 1727 1068 1786 caminis

315 1807 441 1886 Effigies
462 1809 570 1870 lassum
592 1810 747 1890 Steropem
767 1811 964 1889 Brontemque
982 1805 1121 1890 reliquit?

315 1893 363 1952 An
385 1902 415 1953 te
438 1892 586 1954 Palladiae
608 1894 713 1972 talem,
737 1894 924 1972 Germanice,
945 1894 1031 1954 nobis
1304 1902 1321 1955 5

315 1976 467 2037 Effluxere
486 1997 602 2055 manus,
629 1979 744 2058 qualem
764 1980 852 2040 modo
874 1979 957 2040 frena
978 1988 1124 2040 tenentem

315 2061 435 2122 Rhenus
459 2072 488 2123 et
510 2064 621 2124 attoniti
642 2063 714 2123 vidit
736 2064 836 2124 domus
860 2065 948 2124 ardua
967 2061 1062 2124 Daci?

378 2145 463 2208 Nunc
484 2166 558 2226 age,
581 2148 657 2209 lama
679 2149 761 2228 prior
780 2158 879 2208 notum
901 2166 957 2229 per
978 2148 1097 2209 saecula
1114 2164 1221 2208 nomen

314 2231 453 2293 Dardanii
473 2234 593 2293 miaetur
614 2234 698 2313 equi,
724 2235 771 2294 cui
792 2234 906 2293 vertice
930 2251 1016 2293 sacro
1222 2250 1225 2257 ·

314 2316 480 2392 Dindymon
501 2327 531 2377 et
550 2318 646 2377 caesis
670 2319 801 2379 decrevit
822 2318 973 2378 frondibus
995 2317 1055 2378 lda.
1286 2327 1320 2379 lo

314 2402 397 2462 Hunc
417 2419 514 2481 neque
537 2401 668 2462 discissis
692 2404 841 2482 cepissent
859 2403 999 2480 Pergama
1020 2404 1118 2477 muris,

313 2485 378 2546 Nec
399 2503 495 2563 grege
517 2487 660 2565 permixto
683 2488 767 2565 pueri
791 2488 987 2567 innuptaeque
1010 2487 1139 2566 puellae,

314 2569 383 2650 lpse
404 2588 462 2629 nec
482 2569 600 2630 Aeneas
623 2589 679 2630 nec
699 2589 821 2650 maguus
842 2571 963 2632 duceret
980 2570 1101 2631 Hector.

314 2654 417 2730 Adde,
441 2655 519 2733 quod
540 2654 592 2714 ille
614 2672 725 2714 nocens
748 2673 914 2734 saevosque
933 2655 1086 2734 amplexus
1101 2653 1253 2721 ·Acbivos;

314 2738 397 2799 Hunc
418 2739 493 2799 mitis
515 2739 696 2801 commendat
719 2758 822 2819 eques.
865 2739 947 2800 luvat
967 2757 1019 2800 ora
1039 2741 1115 2800 tueri
1284 2748 1318 2801 15

314 2823 403 2883 blixta
423 2824 500 2884 notis
522 2823 594 2884 belli
615 2824 819 2903 placidamque
841 2827 974 2902 gerentia
994 2838 1108 2903 pacem.

312 2907 377 2968 Nec
398 2909 478 2969 veris
497 2910 607 2969 maiora
628 2917 730 2988 putes3
755 2926 811 2988 par
830 2908 923 2970 forma
945 2909 1107 2988 decorque,
1147 2924 1168 2984 χ
1258 2977 1261 2982 ,

314 2992 369 3052 Par
390 2992 493 3052 honor.
535 2991 692 3054 Exhaustis
714 2992 836 3054 Martem
857 3011 916 3054 non
938 2994 1023 3054 altior
1044 2992 1130 3052 annis

313 3076 461 3137 Bistonius
483 3086 581 3157 portat
603 3079 723 3158 sonipes
744 3096 910 3158 magnoque
935 3075 1067 3157 superbit

313 3160 464 3238 Pondere,
486 3180 542 3222 nec
564 3163 648 3224 tardo
670 3172 770 3241 raptus
791 3180 886 3242 prope
907 3162 1022 3223 llumina
1044 3179 1131 3223 cursu
1286 3172 1320 3224 20

313 3244 414 3305 Fumat
436 3254 466 3306 et
486 3246 596 3323 ingenti
617 3248 757 3327 propellit
778 3249 931 3323 Strymona
950 3246 1029 3307 llatu.

378 3329 434 3390 Par
456 3332 540 3410 operi
562 3330 661 3391 sedes.
703 3330 778 3391 Hine
800 3330 886 3392 obvia
908 3331 1004 3392 limina
1027 3330 1137 3412 pandit,

313 3414 371 3489 Qui
392 3414 489 3475 lessus
509 3414 597 3475 bellis
618 3425 751 3475 assertae
772 3435 893 3477 munere
915 3417 1008 3495 prolis

314 3498 427 3559 Primus
449 3502 506 3560 iter
527 3500 636 3569 nostris
656 3501 782 3562 ostendit
802 3502 831 3562 in
850 3499 971 3560 aethera
993 3500 1076 3562 divis.

312 3583 441 3644 Discitur
460 3603 477 3644 e
497 3582 594 3661 vultu,
619 3594 754 3663 quantum
772 3595 804 3646 tu
826 3587 924 3646 mitior
944 3586 1041 3662 armis,

313 3666 370 3741 Qui
389 3687 445 3728 nec
467 3670 495 3728 in
514 3678 653 3730 externos
674 3669 771 3730 facilis
794 3671 909 3731 saevire
931 3670 1049 3730 furores

307 3750 373 3812 Das
397 3748 488 3814 Cattis
505 3753 656 3837 DacIsque
679 3753 775 3818 fldem.
817 3754 860 3817 l'e
882 3755 964 3834 signa
985 3755 1100 3817 ferente
