3134 4434
282 444 344 506 2⁰4
614 456 647 505 Ρ.
668 456 802 504 esctun
825 455 941 505 susan

281 613 454 690 virginitate
475 613 559 674 vides
579 611 702 673 mediam
723 629 755 671 se
778 612 857 671 lerre
877 613 1015 673 virorum

283 695 443 759 Coetibus?
464 706 553 777 utque
575 699 655 758 acies
676 696 788 772 audax,
813 707 842 757 et
862 695 967 758 llartia
993 700 1090 777 signa

282 777 458 860 Temperet?
479 801 516 847 en
538 783 626 843 etiarn
649 782 737 842 donat
758 779 941 860 praebetque
964 785 1137 845 necandos

282 865 338 927 'lot
356 875 454 926 nostra
479 868 516 929 de
536 875 625 944 gente
645 867 743 940 viros3
764 866 833 926 huic
854 865 956 925 tradita
982 869 1102 945 virtus,

243 981 251 992 ·
282 951 355 1012 Huic
375 948 476 1011 iurorl
497 960 631 1029 agrestes
652 959 789 1030 superest
807 949 861 1010 tibi
881 950 976 1027 ligere
999 952 1140 1016 clamas?

282 1036 407 1096 Desiluit
427 1037 509 1096 iustis
531 1044 691 1096 commotus
703 1036 742 1095 uin
761 1053 839 1094 arma
860 1035 994 1113 querelis

281 1120 479 1200 Bellipotens,
503 1122 549 1180 cui
566 1121 630 1181 sola
653 1136 759 1196 vagum
780 1121 937 1198 perinane
957 1125 1066 1183 ruenti

282 1205 329 1266 Ira
350 1223 465 1281 comes,
483 1205 589 1285 reliqui
610 1204 713 1265 sudant
732 1203 769 1264 ad
787 1203 866 1264 bella
886 1203 1030 1265 Furores.

343 1289 407 1351 Neo
428 1306 526 1365 mora,
549 1306 634 1369 quum
654 1297 796 1349 moestam
816 1291 923 1348 monitu
940 1287 1071 1375 Latoiqa
1096 1295 1177 1356 duro

282 1374 418 1454 Increpat
439 1375 594 1434 assistens:
620 1373 705 1435 ‘Non
725 1373 801 1434 haec
820 1373 871 1433 tibi
892 1373 1011 1452 proelia
1034 1377 1146 1440 divum

282 1459 340 1520 Dat
356 1468 458 1539 pater,
481 1457 645 1519 armiferum
666 1459 695 1518 ni
714 1459 846 1538 protinus
867 1457 991 1536 inproba
1015 1477 1165 1542 eampum

282 1545 424 1620 Deseris,
447 1543 515 1603 huic
535 1562 658 1623 aequam
679 1560 787 1603 nosces
809 1560 865 1602 uec
886 1542 1006 1604 Pallada
1030 1545 1195 1611 dextrae!

284 1627 359 1702 Quid
379 1625 487 1689 iaciat?
531 1627 638 1689 Contra
659 1629 764 1707 premit
780 1627 848 1687 hinc
869 1626 1013 1689 Mavortia
1039 1636 1167 1712 cuspis,

283 1712 357 1773 Hinc
377 1713 483 1792 plenae
504 1713 573 1789 tihi,
595 1730 704 1791 parve,
725 1711 826 1788 colus,
849 1711 926 1772 louis
948 1711 1019 1772 intle
1040 1723 1154 1780 severi

282 1797 403 1873 Vultus,
426 1796 485 1856 abit
506 1798 571 1857 solo
593 1797 754 1875 posthaec
774 1797 888 1857 devicta
908 1796 1035 1875 pudore.

345 1882 385 1942 At
405 1890 488 1960 pater
509 1880 639 1959 Ogygias
655 1880 773 1941 Mavors
793 1881 988 1960 circumspicit
1011 1883 1081 1946 alas

282 1966 522 2045 horrendumque
539 1966 668 2042 Dryanta
689 1974 814 2041 movet,
827 1967 872 2025 oui
891 1965 1041 2042 sauguinis
1063 1982 1183 2035 auctor

284 2051 425 2112 Turbidus
448 2049 554 2129 Orion,
575 2052 755 2130 comitesque
776 2050 876 2111 odisse
896 2049 1008 2110 Dianae

283 2135 354 2197 inde
375 2135 452 2197 furit.
494 2136 617 2197 Primum
635 2135 683 2197 hic
703 2135 834 2196 turbatos
858 2135 959 2213 arripit
980 2153 1056 2197 ense

284 2221 414 2282 Arcadas
435 2229 621 2300 exarmatque
638 2221 757 2288 ducem;
778 2218 855 2279 eadit
876 2220 990 2297 agmine
1010 2220 1111 2301 longo

216 2345 218 2349 -
285 2303 424 2382 Cyllenes
445 2305 571 2384 populus
591 2304 766 2382 Tegeesque
786 2303 931 2365 habitator
952 2321 1084 2384 opacae,

285 2391 451 2469 Aepitiique
474 2390 572 2450 duces·
584 2388 696 2467 lugiunt
716 2390 885 2469 Pheneique
905 2388 1082 2468 phalanges.

284 2474 381 2552 Ipsum
402 2484 496 2535 autera
519 2483 548 2533 et
569 2473 646 2547 lassa
666 2473 727 2533 fidit
749 2482 937 2553 prosternere
956 2472 1076 2551 dextra,

284 2557 349 2618 Nec
370 2568 469 2619 servat
487 2559 580 2618 vires:
601 2559 708 2617 etenim
725 2557 782 2618 huc
804 2559 858 2617 iarn
878 2559 973 2619 lessus
995 2568 1026 2618 et
1045 2561 1126 2623 illuc

284 2641 411 2703 llutabat
429 2653 549 2711 turmas3
570 2650 676 2718 urgent
695 2644 850 2721 praesagia
867 2643 946 2703 mille

284 2726 422 2805 Funeris,
445 2737 475 2788 et
493 2728 594 2804 nigrae
612 2727 791 2805 praecedunt
812 2727 910 2788 nubila
928 2727 1040 2787 mortis.

284 2812 403 2892 lamque
421 2813 509 2873 miser
525 2830 608 2873 raros
629 2812 751 2871 comites
770 2809 929 2890 verumque
948 2810 1070 2872 videbat

285 2898 418 2974 Dorcea,
440 2898 497 2958 iarn
516 2897 601 2958 vires
614 2897 750 2977 paulatim
771 2896 935 2957 abscedere
954 2897 1053 2972 sentit,

285 2984 378 3043 Sentit
393 2991 428 3056 ,et
449 2982 604 3044 exhaustas
624 2983 745 3043 humero
764 2981 877 3041 leviore
899 2980 1064 3060 pharetras.

285 3066 344 3129 lan
362 3069 453 3127 minus
473 3077 559 3147 atque
580 3068 672 3126 minus
692 3066 750 3126 lert
770 3083 848 3128 arma
864 3082 996 3145 puerque
1017 3066 1146 3131 videtur

284 3150 323 3212 Et
343 3150 414 3231 sibi,
436 3170 521 3231 quum
542 3160 625 3212 torva
645 3150 735 3230 clipei
756 3151 927 3211 metuendus
950 3149 1062 3210 obarsit

283 3235 360 3296 Luce
381 3235 491 3312 Dryas;
513 3247 621 3297 tremor
641 3251 692 3297 ora
713 3253 821 3314 repens
843 3253 878 3295 ac
895 3236 1010 3295 viscera
1028 3238 1120 3298 torsit

283 3320 430 3388 Aroados;
453 3328 541 3400 utque
559 3321 615 3381 ieri
635 3329 786 3381 vectorem
805 3320 930 3380 fulminis
952 3319 1035 3379 albus

285 3405 379 3480 Quum
396 3422 484 3484 supra
505 3406 638 3484 respexit
655 3404 737 3481 olor,
761 3405 840 3483 cupit
861 3404 977 3465 hiscere
998 3405 1097 3482 ripam

284 3490 454 3566 Strymonos
476 3498 506 3550 et
523 3490 652 3568 trepidas
667 3491 697 3550 in
718 3499 839 3568 pectora
858 3488 1000 3549 contrahit
1021 3489 1105 3553 alas:

285 3574 334 3635 Sic
356 3575 490 3634 iuvenem
509 3575 590 3634 saevi
612 3583 771 3653 conspecta
791 3574 869 3634 mole
891 3573 1028 3649 Dryantis

284 3657 343 3719 lam
364 3674 422 3718 non
441 3659 483 3719 ira
505 3656 597 3733 subit,
617 3658 671 3719 sed
692 3660 744 3719 leti
762 3659 876 3718 nuntius
896 3659 1011 3721 horror.

277 3742 369 3808 Arma
387 3751 499 3828 tamen,
521 3741 631 3807 frustra
651 3739 780 3826 superos
795 3742 986 3816 'lriuiamque
999 3758 1166 3824 precatae,
