3134 4434
345 565 399 599 μιν·
537 559 558 583 ·*·
610 568 614 581 f

377 724 404 759 tl

476 740 496 840 Ϊ
553 708 839 874 euterun
870 726 1049 921 sunau
1090 894 1093 899 ,
1146 808 1149 813 ·

398 957 1274 1106 cinnamum>

636 1130 885 1253 uirtuti
914 1136 1013 1253 [133
1040 1162 1066 1247 .’
1169 1142 1182 1153 ”

704 1308 1008 1341 -μιφο-ηικξΝ4·

450 1502 452 1507 -
561 1474 612 1525 AD
639 1475 840 1526 MELIOREM
867 1472 1051 1526 eunomia.
1133 1516 1138 1524 .
1236 1480 1240 1491 '
1310 1470 1315 1495 ²

367 1573 420 1688 Et
437 1628 615 1688 familiaritas
634 1635 749 1704 nostra,
763 1643 830 1705 -qua
843 1626 982 1703 gaudeo,
996 1625 1117 1706 lllclioc,
1140 1629 1186 1688 vir
1201 1630 1317 1708 optine-

304 1728 360 1772 nec
382 1714 473 1772 minus
495 1715 525 1773 in
550 1713 656 1772 iudicio
678 1711 832 1772 literarum·
849 1708 987 1790 duam-ic
1001 1713 1084 1771 omni
1106 1713 1185 1773 ritae
1207 1713 1316 1774 colore¹

304 1798 483 1873 tersissime,
508 1806 536 1856 et
556 1798 620 1876 ipsa
640 1796 863 1875 opusculorum,
885 1814 962 1874 quae
980 1797 1032 1857 tibi
1052 1797 1154 1874 trado,
1179 1799 1316 1858 conditio·

305 1882 349 1941 sic
378 1883 474 1959 posita
502 1890 562 1960 est,
592 1889 727 1942 uttctus
754 1879 802 1940 hic
829 1880 1110 1941 alteruter-neus
1132 1882 1219 1942 etiam
1246 1883 1308 1941 sine

305 1965 431 2042 epistola
448 1974 632 2044 expectetur.
659 1965 783 2027 Primum
805 1965 879 2025 enirn
900 1965 990 2025 habet
1003 1965 1150 2026 Glauciam
1164 1975 1307 2041 nostrum,-

306 2050 387 2110 cuius
408 2051 601 2127 gratissimam
620 2049 782 2124 infantiam,
808 2051 970 2127 etqualom
984 2050 1158 2129 pleramque
1172 2050 1313 2111 infelices

305 2136 477 2210 sortiuntur,
498 2136 574 2214 apud
589 2144 618 2196 ta
632 2133 807 2212 complexus
821 2134 963 2195 amabam.
999 2133 1057 2195 lam
1071 2152 1143 2195 vero
1152 2135 1211 2195 tibi
1226 2135 1310 2196 liuius

305 2220 403 2278 amissi
430 2238 536 2280 recens
562 2220 665 2281 vulnus
691 2219 738 2296 (ut
761 2219 836 2298 scis)
864 2220 1000 2297 epicedio
1028 2227 1205 2298 prosecutus
1234 2238 1309 2295 sum,

304 2302 379 2363 adeo
407 2304 595 2381 festinanter,
625 2313 656 2373 ut
684 2303 879 2363 excusandam
898 2303 1055 2364 =ltahuerim
1072 2304 1233 2364 affectibus
1253 2305 1309 2364 tuis

306 2387 498 2447 celeritatem.
541 2388 605 2448 Nec
626 2406 702 2449 nunc
725 2405 791 2447 eam
810 2388 886 2466 apud
901 2397 944 2448 tc
956 2390 1052 2464 iacto,
1069 2389 1124 2468 ³qui
1136 2390 1232 2464 nosti,
1256 2386 1322 2449 sod·¹

306 2480 336 2531 et
358 2473 467 2531 ceteris
488 2472 602 2540 indico;
625 2491 662 2533 ne
685 2473 749 2550 quie
769 2473 1012 2550 asperioreilima
1031 2490 1148 2533 carmen
1163 2475 1319 2534 examinet¹

305 2564 336 2615 et
355 2575 372 2615 a
392 2556 515 2616 confuso
533 2558 672 2636 scriptum
689 2566 719 2616 et
735 2555 844 2617 dolenti
858 2557 974 2633 datum,-
996 2575 1081 2636 quum
1096 2575 1193 2636 paene
1206 2574 1309 2637 supere

304 2657 397 2700 vacua
419 2641 475 2700 siut
495 2642 577 2702 tarda
600 2641 713 2703 solatia.
755 2639 844 2701 Pollii
857 2642 1208 2719 -meiuilla-Snrreutina,
1232 2658 1309 2722 quac

305 2726 453 2804 sequitur,
485 2725 585 2787 debuit
611 2744 628 2787 a
653 2744 700 2785 me
726 2725 776 2785 vel
802 2726 832 2784 iu
858 2725 1001 2786 lrononem
1030 2727 1222 2805 eloquentiae·
1245 2729 1309 2788 eiua

305 2809 472 2887 diligentius
487 2811 560 2886 dici,
584 2811 636 2871 sed
653 2811 761 2871 amicus
777 2810 896 2887 ignovit.
910 2810 962 2871 :dn
971 2811 1107 2871 arborem
1121 2821 1205 2872 certe
1218 2808 1320 2883 tutam,¹

304 2892 427 2971 Melior,
458 2905 488 2955 et
515 2897 670 2974 psittacum
697 2897 756 2955 scis
785 2912 802 2954 a
823 2913 879 2955 mer
894 2896 977 2957 leros
999 2895 1128 2955 libellos·
1143 2898 1227 2974 quasi
1248 2897 1320 2975 epi-⁴

304 2981 470 3054 grammatic
491 2980 559 3040 loco
579 2982 716 3060 scriptos.
753 2977 886 3040 Eandem
905 2980 1045 3058 exigebat
1066 2981 1124 3040 stili
1140 2981 1309 3043 facilitatem

305 3062 353 3123 leo
376 3073 559 3139 mansuetus,
586 3083 672 3145 quem
692 3064 721 3123 in
743 3065 956 3143 amphitheatro
965 3074 1157 3143 prostratum·
1174 3065 1309 3144 frigidum

306 3155 384 3222 erat,
409 3148 605 3209 sacratissimo
626 3149 848 3228 imperatorini
865 3148 1143 3209 ‘ttatim=·tradercm.
1187 3151 1235 3211 Au
1256 3150 1309 3210 Ur·

305 3248 368 3290 sum
384 3248 501 3311 quoque
516 3242 660 3307 nostrum,
679 3234 814 3292 iuvenem
829 3233 1060 3293 candidissimum
1076 3242 1106 3292 et
1121 3235 1184 3293 sine
1201 3237 1321 3295 iactura·

306 3315 438 3376 desidiae
464 3317 677 3393 doctissimum,
706 3317 844 3394 scriptam
871 3318 914 3377 de
931 3336 1025 3397 puero
1046 3320 1155 3378 amisso
1176 3320 1312 3379 consola

306 3400 430 3475 tionem,
461 3419 551 3479 super
578 3419 630 3476 ea,
660 3419 735 3481 quae
765 3402 822 3480 ipsi
850 3402 965 3478 debeo,
997 3403 1064 3462 huic
1086 3402 1163 3462 libro
1185 3403 1311 3465 libenter

307 3485 433 3561 inserui,
458 3489 525 3565 quia
545 3484 686 3544 honorem
708 3487 771 3545 eius
794 3486 978 3547 tibi-laturus
998 3497 1161 3565 acceptum.
1205 3488 1317 3549 Exclu:

307 3569 348 3630 dit
372 3570 508 3630 volumen
534 3570 742 3647 genethliacon
768 3569 890 3645 Lucani,
913 3573 999 3650 ·quod
1022 3573 1104 3632 Polla
1125 3572 1312 3650 Argentaria,

308 3653 469 3715 clarissima
491 3671 630 3730 uxorum,
655 3673 741 3733 quum
764 3655 841 3716 hunc
864 3656 939 3716 diem
962 3657 1038 3716 forte
1061 3673 1313 3733 consecraremus,
