3134 4434
285 456 347 519 274
474 470 1119 527 r.rn1>1u11sunu11ruaa.mss.xn.
1178 452 1183 459 '

284 624 384 687 Mollia
405 625 570 689 laudabat
560 646 615 689 ram
635 628 777 689 marcidus
797 626 885 706 Orgia
904 627 1047 708 Ganges.

336 704 440 775 '‘Etoc
450 729 506 790 per
527 712 666 775 adversas
685 711 804 775 Dircaei
823 713 947 775 verticis
968 715 1105 779 umbras

285 794 439 859 neminem
461 798 553 877 quatit
572 806 650 859 astra
669 796 787 875 fragor,
809 807 980 878 matresque
1004 798 1168 880 Pelasgae
1250 809 1290 864 lit

284 879 463 951 Decurrunt;
487 882 591 961 quales
609 881 761 943 Bacchaea
784 882 820 943 ad
841 881 919 943 bella
941 894 1082 946 vocatae

286 963 422 1039 Thyades
443 975 588 1044 amentes,
610 984 743 1045 magnum
764 984 836 1046 quas
857 985 988 1046 poscere
1011 971 1142 1048 credas,
1209 984 1218 1007 ·

286 1049 346 1109 Ant
370 1050 478 1111 iecisse
500 1051 600 1121 nelas;
622 1051 749 1130 gandent
770 1052 895 1113 lamenta
901 1068 1085 1151 novaeque

284 1133 422 1195 Exultant
440 1135 592 1236 lacrimae;
613 1137 690 1216 rapit
709 1135 783 1214 huc,
806 1138 883 1236 rapit
899 1136 1019 1216 inpetus
1043 1140 1134 1216 illuc,

287 1218 403 1280 Thesea
421 1200 629 1298 magnanimum
652 1230 792 1300 quaerant
812 1222 908 1300 prius,
931 1239 1008 1283 anne
1032 1221 1182 1304 Creonta,
1246 1231 1284 1287 itt

286 1303 369 1364 Anne
388 1322 474 1382 suos,
495 1306 575 1367 vidui
593 1305 699 1367 ducunt
719 1305 755 1366 ad
761 1323 902 1406 ’corpora
920 1304 1031 1367 luctus.

347 1388 413 1449 Non
433 1407 509 1467 ego,
531 1399 655 1451 centena
673 1392 698 1452 si
720 1391 783 1469 quis
804 1409 871 1452 mea
890 1400 1016 1470 pectora
1041 1393 1131 1455 laxet

285 1474 368 1535 Voce
391 1475 481 1552 dens,
503 1484 547 1548 tot
567 1474 652 1537 busta
674 1474 759 1537 simul
780 1475 919 1554 vulgique
940 1475 1118 1558 ducumque

287 1558 343 1620 Tot
362 1561 471 1638 pariter
491 1561 615 1638 gemitus
635 1561 730 1638 dignis
753 1559 905 1621 conatibus
918 1578 1069 1640 aequem,

286 1643 413 1704 Turbine
432 1661 490 1723 qno
509 1663 578 1705 sese
601 1646 678 1706 caris
697 1645 863 1707 instraverit
875 1644 976 1707 audax

283 1727 402 1807 ignibus
422 1728 543 1791 Evadne
562 1730 729 1809 fulmenque
750 1730 781 1790 in
800 1739 924 1810 pectore
943 1748 1056 1809 magno

286 1812 467 1891 Quaesierit,
490 1831 548 1893 quo
568 1832 651 1875 more
669 1816 770 1874 iacens
791 1832 880 1894 super
901 1814 1005 1876 oscula
1029 1819 1119 1879 saevi

285 1898 426 1979 Corporis
446 1899 549 1960 infelix
567 1907 690 1959 excuset
709 1898 810 1975 Tydea
827 1899 943 1976 coniux,

284 1982 322 2044 Ut
341 1999 449 2044 saevos
469 1994 567 2045 narret
584 1984 690 2062 vigiles
708 1983 799 2062 Argia
819 1985 930 2045 sorori:

283 2068 400 2129 Arcada
422 2086 479 2148 qno
499 2068 616 2147 planctu
637 2070 773 2147 genetrix
793 2068 977 2145 Erymanthia
1001 2070 1129 2149 clamet,
1188 2116 1191 2121 -

283 2151 398 2214 Arcada
420 2163 589 2233 consumpto
612 2161 776 2214 servantem
796 2155 935 2231 sanguine
953 2152 1065 2231 vultus,

282 2236 414 2314 Arcada,
438 2256 524 2317 quem
544 2238 678 2315 geminae
700 2238 810 2338 pariter
831 2238 943 2299 devere
965 2238 1127 2302 cohortes

281 2322 340 2382 Vix
360 2339 452 2382 novus
474 2324 529 2384 ista
550 2322 632 2384 furor
651 2324 833 2423 veniensque
852 2322 998 2413 inplesset
1018 2323 1153 2405 Apollo,

282 2405 320 2467 Et
339 2424 405 2468 mea
426 2408 482 2470 iam
504 2408 592 2485 longo
615 2409 719 2469 meruit
738 2410 808 2469 ratis
830 2425 959 2487 aequore
977 2418 1112 2488 portum

322 2489 507 2552 Durabisne
529 2492 633 2571 procul
655 2492 830 2572 dominoque
851 2492 954 2570 legere
975 2505 1153 2574 superstes,

283 2576 307 2636 0
326 2577 394 2637 mrhr
415 2575 551 2637 bissenos
571 2576 688 2637 multum
704 2578 824 2654 vigilata
845 2595 900 2656 per
921 2593 1013 2637 annos

283 2658 414 2722 Thebai?
435 2662 490 2721 ianr
509 2669 589 2721 certe
609 2679 750 2741 praesens
768 2661 821 2722 tibi
839 2662 914 2723 lama
931 2661 1096 2738 benignum

283 2747 390 2807 Stravit
411 2747 481 2824 iter,
505 2747 663 2825 coepitque
683 2763 788 2807 novam
805 2755 966 2807 monstrare
988 2745 1110 2809 futuris.

281 2831 342 2892 lam
360 2839 390 2890 te
412 2832 608 2908 magnanimus
626 2830 760 2910 dignatur
776 2849 903 2892 noscere
922 2829 1046 2908 Caesar,

281 2915 353 2978 ltala
373 2915 429 2976 iam
450 2916 545 2977 studio
567 2915 653 2976 discit
672 2925 871 2996 memoratque
890 2917 1036 2975 inventus.

281 3000 374 3078 Vive,
396 3018 520 3080 precor;
541 3018 598 3061 nec
617 3009 648 3060 tu
670 3000 793 3062 divinam
813 2999 946 3062 Aeneida
965 3008 1093 3079 tempta,

282 3085 341 3146 Sed
363 3086 451 3163 longe
473 3103 598 3166 sequere
619 3092 649 3145 et
667 3088 791 3164 vestigia
815 3103 932 3166 semper
953 3085 1056 3146 adora.

281 3169 352 3231 llox
371 3169 440 3247 tibi,
467 3172 491 3231 si
512 3170 575 3250 quis
594 3169 689 3231 adhuc
708 3171 871 3251 praetendit
889 3169 987 3230 nubila
1005 3167 1097 3247 livor,

283 3254 421 3333 Occidet,
443 3263 473 3316 te
495 3255 588 3316 meriti
610 3265 678 3335 post
698 3275 744 3317 me
766 3255 931 3317 reserentur
952 3253 1098 3317 honores.
