3134 4434
557 446 766 509 ,supernos
785 447 856 497 nro.
876 448 936 496 vu.
1084 446 1087 450 ·
1169 514 1172 521 ι
1191 433 1249 497 143

253 606 329 666 l'ela
350 605 455 683 fluunt,
477 604 536 665 laxi
558 605 699 666 iactantur
720 602 827 683 ubique
847 601 996 665 rudentes.

252 693 371 771 lamque
392 699 489 751 natant
508 690 596 765 remi,
620 698 698 749 natat
720 691 812 749 omnis
836 691 865 749 in
886 706 1016 769 aequore
1036 708 1150 764 summo

252 777 386 852 Ancora,
407 776 464 835 iam
485 773 579 835 dulcis
599 773 685 834 medii
708 773 745 834 de
765 775 881 853 gurgite
903 775 985 853 ponti

253 861 421 939 Respicitur
443 859 530 920 tellus
552 859 732 938 comitesque
754 876 771 919 a
792 877 891 938 puppe
913 859 1019 921 relicti.

316 945 438 1005 Viderat
455 943 588 1005 Inachias
610 943 741 1021 rapidum
761 943 928 1021 glomerare
950 943 1088 1005 cohor-tes
1200 955 1250 1011 145

253 1030 386 1092 Bacchus
405 1031 475 1097 iter;
498 1029 607 1106 gemuit
624 1026 740 1104 Tyriam
762 1045 921 1089 conversus
943 1029 979 1091 ad
1000 1029 1112 1106 urbem,

252 1116 453 1192 Altricemque
475 1113 589 1174 domum
608 1121 637 1173 et
657 1115 767 1192 patrios
789 1113 982 1174 reminiscitur
1002 1115 1097 1192 ignes,

253 1201 432 1279 Purpureum
453 1199 528 1258 tristi
550 1197 679 1258 turbatus
700 1206 824 1276 pectore
843 1197 982 1263 vultumz.

252 1284 319 1344 Non
342 1284 456 1360 crines,
474 1299 533 1342 non
553 1291 632 1342 serta
652 1281 739 1359 loeo,
763 1283 953 1362 dextramque
974 1282 1094 1363 reliquit

253 1368 401 1444 Thyrsus,
424 1377 454 1428 et
475 1368 600 1428 intactae
621 1366 790 1427 oeciderunt
807 1366 945 1427 cornibus
964 1385 1049 1428 urae.
1200 1382 1251 1435 150

253 1453 336 1530 Ergo
357 1461 388 1512 ut
410 1461 473 1514 erat
493 1452 619 1513 lacrimis
640 1450 784 1530 lapsoque
803 1451 962 1513 inhonorus
983 1455 1087 1515 amictu

254 1538 332 1598 Ante
352 1537 452 1597 lovem
473 1571 515 1581 -
536 1546 566 1597 et
586 1544 654 1595 tunc
676 1534 753 1597 forte
775 1537 874 1616 polum
895 1545 1028 1597 secretus
1050 1537 1230 1603 nabebat-

256 1621 407 1699 Ccnstitit‚
429 1620 504 1682 haud
525 1638 657 1699 umquam
678 1619 755 1681 facie
778 1630 955 1701 conspectus
973 1621 1002 1682 iu
1021 1621 1086 1694 illa;

253 1706 319 1768 Neo
341 1724 447 1767 causae
470 1706 582 1767 latuere
599 1715 727 1785 patrem,
750 1705 937 1786 supplexque
957 1706 1101 1786 proletur:

318 1790 513 1851 ‘Excindisne
534 1801 613 1868 tuas,
635 1789 728 1851 divum
747 1800 827 1852 sator
848 1791 972 1871 optime,
995 1790 1132 1856 Thebas?
1199 1806 1250 1859 155

254 1880 349 1939 Saeva
369 1875 443 1937 adeo
466 1872 594 1936 coniux?
614 1892 670 1935 nec
690 1885 721 1936 te
742 1876 857 1937 telluris
878 1885 988 1939 amatae

252 1961 438 2041 Deceptique
457 1960 528 2022 laris
548 1961 667 2021 miseret
687 1961 874 2039 cinerumque
891 1959 1045 2023 meorum?

253 2045 345 2121 Esto,
365 2045 434 2106 olim
453 2045 571 2106 invitum
592 2045 733 2106 iaculatus
755 2044 879 2106 nubibus
899 2047 996 2122 ignem

255 2129 425 2191 Credimus:
452 2148 488 2190 en
509 2131 613 2190 iterum
634 2137 696 2191 atra
717 2129 813 2190 refers
831 2130 965 2191 incendia
985 2132 1082 2210 terris,
1174 2188 1182 2199 ,

252 2215 319 2276 Nec
341 2216 432 2292 Styge
453 2215 564 2291 iurata,
586 2231 643 2274 nec
663 2214 777 2293 pellicis
797 2223 860 2274 arte
880 2222 1010 2292 rogatus.
1201 2227 1253 2283 160

256 2300 329 2375 Quis
350 2295 480 2360 modus?
499 2317 536 2360 an
556 2297 640 2358 nobis
661 2307 745 2378 pater
765 2299 912 2377 iratusque
934 2297 1088 2380 bonusque

253 2384 375 2447 Fulmen
392 2381 508 2445 habes?
548 2384 609 2446 Sed
630 2400 688 2444 uon
707 2383 837 2444 Danaeia
856 2383 952 2444 limina
972 2384 1039 2445 talis

253 2469 496 2548 Parrhasiumque
516 2487 617 2530 nemus
638 2468 829 2547 Ledaeasque
848 2467 904 2529 ibis
927 2467 1074 2546 Amyclas.

254 2554 376 2618 Scilicet
397 2573 414 2614 e
434 2555 545 2615 cunctis
566 2570 625 2631 ego
642 2553 861 2633 neglectissima
878 2554 953 2615 natis

253 2635 437 2718 Progenies?
458 2657 516 2718 ego
538 2657 643 2718 nempe
663 2648 774 2716 tamen,
799 2640 848 2718 qui
869 2638 956 2699 dulce
976 2638 1082 2700 ierenti
1202 2647 1254 2702 165

253 2723 371 2786 Pondus
393 2741 489 2802 eram,
512 2725 558 2784 cui
577 2733 607 2784 tu
626 2724 760 2802 dignatus
781 2722 878 2791 limina
898 2725 976 2785 vitae

253 2808 501 2887 Praereptumque
520 2809 577 2868 iter
599 2817 628 2869 et
644 2817 792 2869 maternos
813 2808 940 2869 reddere
962 2825 1088 2868 menses.

253 2892 357 2968 Adde,
379 2892 458 2971 quod
472 2891 591 2953 inbellis
611 2893 743 2971 rarisque
765 2892 895 2952 exercita
916 2892 1020 2952 castris

255 2975 352 3037 'l'urba
374 2994 454 3036 meas
472 2976 564 3053 acies,
585 2993 651 3037 mea
669 2984 777 3036 tantum
799 2974 913 3055 proelia
929 2985 1044 3052 norunt,

254 3060 385 3122 Nectere
406 3059 510 3121 froude
532 3077 630 3120 comas
649 3069 678 3120 et
699 3058 736 3122 ad
755 3060 893 3139 inspirata
915 3061 1006 3121 rotari
1204 3069 1255 3126 rto

254 3147 353 3222 Bura,
376 3146 476 3207 timent
497 3144 615 3220 thyrsos
636 3154 788 3225 nuptarum
807 3153 838 3205 et
860 3145 973 3224 proelia
994 3153 1124 3205 matrum.

254 3230 340 3291 Unde
362 3229 446 3291 tubas
467 3228 647 3309 Martemque
668 3227 748 3309 pati‘l
769 3230 839 3310 quin
859 3229 989 3291 iervidus
1008 3247 1081 3291 ecce

257 3314 370 3389 Quanta
389 3312 494 3395 parat?
513 3315 581 3394 quid
602 3315 627 3375 si
649 3315 699 3376 ille
722 3324 788 3376 tuos
812 3312 936 3376 Curetas
958 3315 986 3377 iu
1007 3332 1085 3379 arma

256 3399 352 3460 Ducat
375 3408 404 3460 et
425 3401 557 3461 innocuis
578 3399 677 3461 iubeat
693 3401 856 3461 decernere
877 3394 988 3479 peltis?

257 3484 334 3557 Quin
356 3486 442 3545 etiam
463 3485 573 3546 invisos
592 3517 636 3532 --
654 3485 699 3545 sic
716 3485 810 3545 hostis
833 3481 946 3545 defuit?
969 3520 1012 3533 -
1028 3484 1129 3563 Argos
1205 3495 1254 3550 175

256 3566 364 3630 Elicis!
388 3567 412 3628 0
436 3571 525 3649 ipsis,
545 3570 678 3650 genitor,
698 3571 835 3649 graviore
853 3569 974 3649 periclis

255 3652 353 3715 Iussa!
375 3654 550 3717 novercales
570 3655 679 3716 ruimus
698 3656 791 3717 ditare
811 3653 981 3731 lllycenas„

259 3735 342 3802 Cedo
361 3739 505 3822 equidem.
549 3738 614 3816 Quo
636 3758 720 3803 sacra
741 3749 839 3805 tamen
858 3742 993 3822 ritusque
1013 3749 1197 3820 penemque
