3134 4434
320 425 362 486 42
661 437 694 484 r.
717 437 852 484 enarum
873 437 989 486 suarm

322 592 456 672 Corpora
475 611 550 654 nunc
572 594 684 673 pretio,
706 612 783 654 nanc
800 593 851 655 ille
872 594 1052 656 hortantibus
1072 595 1176 657 ardens

321 680 466 740 Sollicitat
488 679 589 755 dictis,
608 688 807 758 nocturnaque
829 680 944 758 proelia
965 699 1071 740 saevus
1268 692 1324 746 485

321 765 456 840 Instruit,
477 773 507 824 et
526 771 656 824 sanctum
681 765 798 843 populis
820 782 875 842 per
896 765 1015 826 saecula
1037 783 1142 825 nomen

319 849 458 926 Legatum
480 849 590 909 insidiis
611 849 758 927 tacitoque
777 849 915 909 invadere
937 849 1017 910 icrro
1041 883 1083 897 -

321 933 396 1008 Quid
418 934 516 1012 regnis
538 950 596 994 non
616 931 698 993 vile?
718 968 761 979 -
785 935 877 1012 cupit;
899 951 971 1013 quas
994 944 1150 1013 quaereret
1171 945 1251 996 artes

321 1019 354 1079 Si
374 1019 509 1095 fratrem,
528 1017 670 1093 Fortuna,
693 1014 801 1079 dares?
825 1017 849 1078 0
871 1035 961 1080 caeca
983 1029 1136 1080 nocentum

323 1103 466 1164 Consilia!
490 1119 506 1163 ο
529 1119 647 1181 semper
668 1102 796 1162 timidum
815 1097 1187 1165 domiminum
1265 1117 1321 1172 490

320 1184 510 1249 Pmffmlro
532 1187 624 1248 iurata
644 1196 745 1266 caput;
775 1205 830 1248 ceu
854 1197 949 1249 castra
975 1188 1073 1250 subire

320 1273 470 1351 Apparet,
494 1281 543 1333 aut
563 1271 674 1333 celsum
696 1271 808 1333 crebris
830 1272 969 1333 arietibus
993 1273 1074 1334 urbis

320 1356 464 1418 Inclinare
485 1357 574 1417 latus:
596 1356 679 1418 densi
700 1358 744 1417 sic
767 1358 881 1435 agmine
902 1358 981 1419 lacto

322 1441 535 1522 Quinquaginta
554 1441 620 1502 altis
642 1441 796 1502 funduntur
816 1443 845 1503 in
867 1443 967 1503 ordine
991 1444 1093 1524 portis.

322 1525 418 1587 lllaote
439 1527 540 1605 animi,
557 1529 644 1587 tantis
664 1527 768 1604 diguus
786 1528 835 1606 qui
856 1527 986 1588 crederis
1007 1528 1107 1589 armis!

384 1610 455 1672 Fert
474 1612 522 1673 via
543 1629 598 1690 per
619 1611 720 1672 dumos
743 1613 881 1691 propior,
905 1631 960 1691 qua
983 1614 1059 1674 ealle
1081 1612 1182 1674 latenti

320 1695 527 1756 Praecelerant
547 1696 715 1775 densaeque
737 1697 837 1774 legunt
860 1698 1031 1776 compendia
1052 1698 1154 1758 silvae.

319 1779 409 1840 Lecta
431 1781 506 1841 dolis
528 1779 632 1841 sedes:
653 1782 759 1859 gemini
780 1782 885 1860 procul
904 1782 979 1841 urbe
998 1782 1132 1860 malignis
1194 1813 1196 1817 ·

319 1863 464 1925 Faucibus
485 1874 624 1943 urgentur
641 1865 753 1943 colles,
776 1883 851 1945 quos
869 1865 969 1927 umbra
990 1869 1110 1946 superni

320 1948 427 2010 Montis
449 1959 479 2010 et
500 1951 627 2011 incurvis
646 1950 782 2012 claudunt
803 1951 871 2029 iuga
892 1951 1014 2014 frondea
1032 1952 1129 2019 silvis;

320 2033 443 2096 Insidias
462 2045 564 2096 natura
585 2035 654 2096 loco
680 2053 857 2115 caecamque
880 2035 988 2097 latendi

321 2120 431 2180 struxit
451 2138 552 2200 opem;
575 2120 685 2182 medias
707 2129 789 2182 arcte
811 2130 894 2182 secat
915 2139 1022 2200 aspera
1042 2139 1130 2200 rupes

321 2205 446 2281 Semita,
470 2223 554 2286 quam
575 2205 678 2266 subter
698 2207 794 2286 campi
813 2206 984 2286 devexaque
1007 2205 1073 2267 latis

320 2290 400 2350 Arva
420 2291 516 2351 iacent
535 2291 646 2371 spatiis.
690 2287 799 2351 Contra
820 2293 973 2370 inportuna
995 2291 1115 2368 crepido

322 2373 553 2453 Oedipodioniae
571 2376 672 2436 domus
689 2373 781 2442 alitis;
802 2374 851 2435 hic
871 2376 934 2436 iera
954 2374 1097 2454 quondam

318 2458 468 2520 Pallentes
490 2468 590 2520 erecta
611 2476 704 2537 genas
725 2458 892 2538 sufflsaque
913 2458 984 2520 tabo

318 2541 453 2619 Lumina,
477 2544 621 2604 concretis
643 2543 758 2603 infando
781 2544 921 2620 sanguine
938 2544 1043 2622 plumis

319 2626 483 2706 Relliquias
501 2628 635 2707 amplexa
650 2627 742 2687 virum
762 2645 936 2706 semesaque
957 2628 1039 2688 nudis

318 2712 491 2773 Pectoribus
513 2714 594 2772 stetit
615 2729 683 2773 ossa
704 2729 841 2790 premens
861 2713 985 2792 visuque
1007 2714 1141 2774 trementi

321 2795 482 2858 collustrat
503 2814 640 2877 campos,
663 2798 689 2858 si
713 2797 778 2875 quis
799 2813 976 2858 concurrere
997 2797 1082 2858 dictis

319 2882 437 2961 Hospes
455 2882 648 2962 inexplicitis,
667 2891 716 2943 aut
737 2884 866 2942 cominus
888 2883 932 2944 ire
950 2883 1045 2944 viator

320 2968 436 3028 Audeat
456 2978 485 3029 et
508 2968 588 3029 dirae
611 2967 786 3029 commercia
806 2968 928 3046 iungere
949 2967 1077 3047 linguae.

319 3051 501 3130 Neomare,
525 3053 593 3132 quin
614 3071 723 3114 acuens
744 3062 866 3113 exertos
885 3054 1016 3133 protinus
1036 3070 1148 3130 ungues

318 3135 514 3216 Liventesque
536 3155 636 3198 manus
653 3137 823 3217 fractosque
843 3139 873 3198 in
890 3139 1012 3199 uulnere
1032 3138 1135 3199 dentes

321 3219 456 3282 Terribili
477 3222 618 3302 applausu
641 3223 749 3282 circum
768 3222 884 3301 hospita
904 3232 1040 3301 surgeret
1061 3239 1122 3283 ora.

319 3304 358 3366 Et
379 3305 491 3366 latuere
510 3305 587 3384 doli,
608 3306 703 3367 donec
724 3308 762 3369 de
783 3325 856 3386 rupe
879 3316 998 3369 cruenta

318 3389 398 3451 Heu!
419 3390 505 3451 simili
527 3391 672 3469 deprensa
690 3390 771 3469 viro,
796 3391 977 3453 cessantibus
998 3391 1062 3468 alis,

320 3473 423 3536 Tristis
442 3475 619 3554 inexpletam
639 3476 768 3554 scopulis
786 3476 932 3555 affligeret
951 3476 1056 3538 aluum.

319 3559 461 3621 blonstrat
482 3561 554 3621 silva
574 3561 674 3637 nefas,
696 3561 817 3622 horrent
835 3562 930 3621 uicina
948 3560 1064 3621 iuvenci

321 3643 470 3723 Gramina,
493 3646 631 3706 damnatis
652 3645 766 3706 avidum
787 3663 879 3725 pecus
898 3645 1024 3707 abstinet
1044 3646 1154 3708 herbis.
1261 3660 1316 3713 520

319 3728 386 3790 Non
400 3729 547 3808 Dryadum
562 3730 661 3812 placet
675 3730 777 3791 umbra
792 3730 906 3809 choris,
924 3747 983 3792 non
1001 3733 1151 3794 commoda
1164 3732 1257 3794 sacris

290 3916 343 3923 -μ
