3134 4434
579 458 779 509 machinos
804 458 874 508 LIB.
897 458 949 506 111.

263 614 404 676 hlultiiida
426 615 564 676 attollens
586 617 703 694 antiqua
725 615 831 677 lumina
854 615 956 690 cedro,

263 701 359 762 Nocte
381 700 458 760 subit
482 716 601 779 campos
620 710 779 781 versatque
799 701 829 760 in
851 702 991 780 sanguine
1012 699 1140 762 iunctum

262 786 393 864 Vulgus,
416 795 445 846 et
467 785 602 864 explorat
619 803 736 861 manes,
756 785 803 845 cui
826 784 947 864 plurima
969 785 1054 846 busto

263 871 391 950 Imperet
411 870 448 931 ad
471 886 612 949 superos:
635 870 791 930 animarum
812 879 924 931 moesta
948 878 1105 949 queruntur
1212 879 1262 932 lio

264 952 412 1031 Consilia,
436 964 466 1016 et
488 955 563 1032 nigri
583 962 670 1034 pater
690 955 852 1032 indignatur
873 955 995 1015 Averni.

325 1038 371 1100 1111
394 1041 422 1100 in
440 1058 562 1100 secessu
584 1041 694 1117 pariter
714 1038 768 1099 sub
791 1058 864 1120 rupe
886 1039 1020 1101 iacebant

261 1124 399 1201 Felices,
423 1142 496 1203 qnos
519 1142 574 1186 una
591 1123 671 1201 dies,
694 1142 794 1183 manus
817 1124 934 1186 abstulit
955 1142 1021 1201 una,

261 1210 366 1271 Pervia
386 1209 554 1270 vulneribus
576 1209 669 1269 media
689 1208 772 1269 trabe
795 1219 917 1288 pectora
937 1211 1015 1269 nexi.

261 1294 301 1355 Ut
321 1294 393 1354 vidit
414 1294 600 1373 lacrimisque
623 1293 702 1354 oculi
725 1305 848 1374 patuere
871 1295 1016 1373 profusis:
1210 1306 1262 1358 150

326 1377 444 1440 ‘Hosne
466 1396 524 1457 ego
546 1378 734 1458 complexus,
754 1380 906 1456 genetrix,
928 1379 1003 1440 haec
1026 1378 1146 1455 oscula,
1169 1382 1238 1453 nati,

261 1465 368 1524 Vestra
390 1462 477 1525 mort
496 1465 540 1523 sic
560 1481 615 1523 vos
638 1472 770 1525 extremo
793 1464 820 1523 in
841 1463 898 1524 line
921 1464 1022 1542 ligavit

261 1548 411 1627 Ingenium
434 1548 554 1609 crudele
575 1545 678 1609 necis?
699 1565 775 1627 quae
794 1548 916 1611 vulnera
940 1557 1073 1626 tractem,

262 1633 346 1708 Quae
368 1634 448 1713 prius
470 1651 522 1695 ora
540 1629 689 1712 premam?
710 1650 803 1693 vosne
829 1634 879 1694 illa
899 1635 1028 1712 potentia
1045 1633 1154 1709 matris,

260 1718 325 1779 Vos
345 1719 419 1779 uteri
438 1720 553 1779 fortuna
572 1719 646 1793 mei,
667 1734 724 1796 qua
744 1728 867 1796 tangere
890 1719 974 1780 divos
1210 1730 1261 1782 155

261 1802 361 1864 Rebar
382 1812 412 1863 et
431 1802 560 1882 Ogygias
577 1802 668 1863 titulis
690 1804 801 1865 anteire
824 1800 983 1883 parentes?

259 1887 301 1948 At
323 1898 428 1966 quanto
451 1886 554 1947 melius
576 1887 737 1968 dextraque
757 1889 789 1948 in
808 1898 889 1949 sorte
911 1890 1038 1967 iugatae,

261 1972 334 2046 Quis
353 1972 470 2034 steriles
491 1971 608 2033 thalami
629 1972 768 2052 nulloque
790 1975 896 2035 ululata
915 1974 1019 2034 dolore

260 2056 403 2138 Respexit
424 2057 532 2118 hucina
552 2057 682 2118 domum!
726 2056 795 2119 hlihi
816 2059 924 2138 quippe
944 2057 1084 2119 malorum
1118 2083 1120 2088 ’

261 2141 357 2203 Causa
380 2135 554 2212 laboffsed
577 2158 633 2202 nec
651 2141 795 2203 bellorum
815 2145 843 2203 in
864 2143 931 2203 luce
950 2143 1060 2221 patenti
1210 2149 1262 2204 160

262 2227 420 2306 Conspioui
442 2226 527 2287 lectis
545 2235 723 2307 aeternaque
743 2227 877 2304 gentibus
900 2228 973 2304 ausi,

260 2313 423 2387 Quaesistis
445 2312 570 2372 miserae
591 2311 695 2371 vulnus
716 2311 905 2377 memorabile
925 2313 1020 2391 matri,

261 2398 322 2459 Sed
342 2406 464 2458 mortem
486 2394 641 2457 obscuram
662 2397 885 2478 miserandaque
904 2396 1006 2458 lunera
1026 2397 1117 2477 passi.

259 2481 324 2542 Heu
345 2493 466 2561 quantus
488 2481 564 2542 lurto
586 2498 673 2542 cruor
696 2491 727 2542 et
747 2485 812 2544 sine
834 2481 919 2543 laude
940 2481 1059 2544 lucetis!

261 2566 337 2640 Quin
359 2585 417 2645 ego
439 2585 497 2628 non
519 2567 636 2628 dextras
656 2568 771 2629 miseris
794 2564 997 2648 complexibus
1019 2567 1109 2629 ausim
1209 2574 1259 2631 155

260 2651 399 2713 Dividere
426 2661 455 2712 et
475 2653 544 2713 tanti
565 2653 713 2714 consortia
734 2671 871 2733 rumpere
895 2652 963 2714 leti:

260 2734 303 2796 lte
327 2737 374 2798 diu
395 2736 502 2797 iratres
521 2736 730 2817 indiscretique
749 2738 893 2817 supremis

260 2819 380 2898 Ignibus
402 2830 432 2880 et
457 2838 542 2880 caros
564 2839 636 2882 urna
657 2820 826 2883 confundite
849 2820 980 2882 manes!'

324 2903 388 2964 Nec
409 2906 502 2964 minus
523 2905 635 2964 interea
655 2904 769 2982 digesta
791 2916 891 2983 strage
912 2921 1030 2964 suorum
1128 2920 1133 2930 ·

260 2990 333 3051 Hinc
356 2986 527 3048 Chthoniurn
547 2989 670 3063 coniux,
692 2988 758 3050 hinc
779 2999 872 3050 mater
892 2988 1021 3049 Penthea
1041 2986 1146 3047 clamat
1209 2993 1260 3051 rto

260 3071 429 3150 Astyoche,
449 3072 591 3152 puerique
613 3073 700 3133 rudes
721 3082 786 3151 tua,
806 3073 978 3150 1111111111,
1001 3072 1103 3152 proles

261 3161 407 3220 Amissum
429 3158 559 3220 didicere
582 3165 711 3237 patrem,
731 3156 934 3237 hlarpissaque
953 3165 1069 3236 pactum

260 3243 399 3321 Phyllea,
424 3243 669 3322 sanguineumque
691 3242 788 3305 lavant
806 3242 963 3305 Acamanta
981 3259 1112 3303 sorores.

325 3328 406 3389 Tunc
425 3328 506 3389 ierro
528 3337 664 3407 retegunt
682 3329 790 3405 silvas,
814 3328 959 3408 collisque
981 3327 1136 3408 propinqui

261 3416 409 3474 Annosum
429 3421 561 3474 truncant
583 3413 713 3493 apicem,
741 3416 789 3493 qui
811 3414 946 3475 conscius
968 3414 1041 3475 notis
1209 3419 1258 3476 175

260 3497 363 3559 Noctis
383 3507 413 3559 et
431 3499 558 3577 inspexit
575 3500 714 3576 gemitum
737 3500 777 3558 ibi
794 3497 933 3578 grandior
954 3515 1032 3558 1110

260 3584 336 3644 Ante
358 3601 466 3661 rogos,
490 3583 554 3644 dum
577 3584 701 3664 quisque
722 3601 776 3644 suo
798 3584 897 3664 nequit
917 3584 984 3662 igne
1007 3581 1124 3659 revelli,

260 3666 421 3730 Concilium
440 3668 592 3729 infaustum
613 3668 698 3730 dictis
720 3668 868 3730 mulcebat
885 3666 1027 3730 Alethes:

324 3755 440 3835 ‘Saepe
463 3754 578 3834 quidem
599 3753 717 3833 inlelix,
738 3755 883 3836 varioque
904 3751 1137 3826 exeruitahuho
