3134 4434
579 460 779 509 THEBnmos
801 460 871 509 LIB.
895 460 947 509 ΙΙΙ.

327 617 425 697 Atque
446 617 495 678 hic
516 617 627 694 Ingenti
650 613 804 694 Capaneus
826 615 966 677 llavcrtis
987 632 1087 680 amore

261 701 383 762 Excitus
408 711 438 762 et
458 701 576 779 longam
598 701 710 780 pridem
731 702 908 779 indignantia
930 719 1035 780 pacem

262 786 361 847 Corda
376 796 488 847 tumens
498 820 541 834 —-
554 785 621 846 huic
638 786 733 865 ampla
750 786 865 864 quidem
880 786 917 847 de
935 787 1077 864 sanguine
1092 788 1192 867 prisco
1210 799 1263 855 000

261 869 421 941 Nobilitas;
444 870 496 931 sed
516 872 590 930 enim
612 872 677 949 ipse
697 887 780 931 manu
802 888 996 950 praegressus
1016 889 1135 933 avorum

260 955 367 1034 Facta,
392 957 440 1016 diu
463 965 523 1016 tuto
547 974 684 1035 superum
707 964 892 1034 contemptor
914 956 944 1015 et
963 959 1049 1035 aequi

260 1041 410 1120 Impatiens
428 1041 586 1119 largusque
607 1041 738 1117 animae,
760 1039 848 1101 modo
872 1041 997 1101 suaserit
1018 1042 1061 1103 ira
1083 1075 1125 1089 -

261 1126 343 1186 Unus
365 1135 396 1185 ut
419 1144 435 1185 e
459 1124 540 1184 silvis
562 1124 689 1186 Pholoes
710 1124 856 1186 habitator
876 1141 989 1204 opacae
1230 1180 1233 1186 .

261 1210 341 1272 luter
362 1220 392 1271 et
414 1209 565 1270 Aetnaeos
584 1228 695 1289 aequus
717 1226 899 1287 consurgere
920 1208 1037 1286 iratres,
1210 1222 1261 1278 605

261 1296 339 1356 Ante
360 1293 460 1372 iores,
482 1293 532 1354 ubi
550 1294 634 1356 turba
651 1294 755 1355 ducum
774 1294 914 1373 vulgique
936 1294 1096 1373 frementis,

260 1379 454 1458 Amphiarae,
478 1389 551 1440 tuas.
596 1378 947 1457 ε00000001000010,
970 1380 1086 1456 clamat,

264 1462 445 1526 Inachidae?
467 1481 580 1543 vosque
601 1481 619 1523 0
642 1464 727 1524 00010
747 1462 785 1524 do
806 1464 947 1547 sanguina
967 1463 1074 1525 Achivi

260 1549 369 1625 Unius,
392 1549 450 1609 hen
471 1548 734 1634 pudeatlplebeia
753 1548 795 1609 ad'
812 1548 908 1609 limina
929 1549 1012 1625 civis,

263 1633 321 1694 'lot
341 1633 420 1695 lerro
442 1636 593 1694 accinctae
614 1642 718 1712 gentes
740 1634 900 1712 animisque
922 1642 1042 1712 paratae
1210 1644 1261 1699 610

260 1716 446 1780 Pendemus‘l
487 1716 553 1777 Non
571 1719 596 1778 si
617 1719 682 1797 ipse
705 1735 779 1781 0000
803 1717 856 1777 sub
875 1718 987 1779 vertice
1010 1713 1152 1795 Cyrrhae,

264 1805 404 1882 Quisquis
426 1806 451 1864 is
473 1812 519 1863 est
540 1803 645 1864 timidis
664 1801 819 1882 iamneque
839 1804 879 1863 ita
895 1804 992 1882 risus,
1015 1803 1125 1883 Apollo

262 1888 373 1966 biugiat
395 1889 495 1949 insano
516 1889 629 1966 penitus
649 1887 783 1949 seclusus
801 1888 830 1948 in
850 1895 944 1964 antro,

259 1973 428 2052 Expectare
452 1990 572 2053 queam,
595 1973 663 2034 duru
682 1972 791 2052 pallida
812 1972 896 2049 virgo
917 1973 1085 2034 tremendas

260 2056 379 2118 Nuntiet
401 2057 550 2135 ambages.
595 2056 694 2118 Virtus
714 2057 781 2117 mihi
804 2074 909 2117 numen
930 2065 962 2117 et
984 2058 1073 2133 ensis,
1207 2066 1258 2123 ort

261 2143 355 2216 Quem
377 2150 480 2212 teneo;
503 2143 618 2221 iamque
638 2141 695 2201 huc
715 2141 812 2202 timida
829 2159 894 2201 curn
911 2140 1015 2203 fraude
1035 2139 1176 2203 sacerdos

260 2227 373 2303 Exeat,
396 2237 444 2288 aut
465 2226 569 2303 hodie,
588 2225 739 2286 volucrum
756 2242 832 2306 quae
852 2234 929 2285 tanta
952 2234 1094 2304 potestas,

259 2312 429 2391 Experiar!
474 2310 592 2372 Laetum
613 2310 727 2387 fremit,
750 2327 933 2390 assensuque
952 2308 1095 2370 iurantem

260 2396 356 2476 lnplet
375 2395 495 2457 Achaea
514 2414 628 2465 manum
652 2395 767 2457 tandem
789 2412 982 2475 prorumpere
1004 2395 1124 2457 adactus

261 2480 417 2559 Oeclides,
440 2481 498 2542 alio
521 2499 653 2541 curarum
676 2481 803 2559 agitante
824 2479 959 2542 tumultu:
1209 2491 1261 2546 610

326 2565 409 2626 ‘Non
428 2566 562 2646 equidem
584 2566 696 2627 elireno
718 2566 831 2627 iuvenis
853 2566 982 2627 clamore
1004 2564 1120 2644 proiani

259 2649 469 2731 Dictorumque
490 2660 583 2728 metu,
607 2651 677 2713 licet
697 2650 745 2712 bic
767 2652 868 2713 insana
888 2651 1022 2728 minetur,

260 2733 373 2795 Elicior
394 2735 541 2804 tenebris;
564 2736 621 2796 alic
643 2734 710 2796 mihi
729 2735 829 2797 debita
849 2735 910 2796 fato

261 2822 376 2881 Summa
398 2820 480 2897 dies,
501 2820 678 2899 vetitumque
700 2819 761 2880 dari
784 2817 954 2881 mortalibus
975 2819 1071 2879 armis.

261 2902 322 2965 Sed
343 2921 389 2963 me
406 2911 507 2962 vester
524 2919 605 2963 amor
623 2903 785 2983 nimiusque
807 2919 913 2963 arcana
931 2900 1043 2981 profari
1207 2910 1258 2966 625

260 2987 398 3049 Phoebus
418 2987 493 3064 agit;
515 2986 600 3046 vobis
622 2996 743 3047 ventura
763 2995 852 3067 atque
874 3003 974 3064 omne,
1005 2984 1084 3064 quod
1104 2983 1179 3049 ultra
1202 2995 1257 3065 est,

258 3071 391 3134 Pandere
413 3080 544 3132 moestus
563 3088 619 3132 ec:
642 3088 707 3132 nam
728 3079 775 3149 te,
797 3084 925 3148 rosana,
947 3071 1059 3131 moneri

260 3158 337 3218 Ante
356 3157 455 3234 neias,
477 3157 585 3235 unique
607 3156 675 3217 silet
696 3156 747 3217 tibi
764 3165 866 3216 noster
886 3154 1005 3235 Apollo.

261 3243 327 3316 Quo
350 3243 448 3302 miseri
469 3242 536 3302 latis
562 3243 736 3321 superisque
760 3240 941 3303 obstantibus
962 3257 1051 3317 arma,

261 3326 327 3399 Quo
348 3325 471 3405 rapitis?
490 3345 566 3407 quae
584 3345 640 3389 000
659 3325 809 3388 Furiarum
831 3324 956 3387 verbera
979 3341 1087 3387 caecos
1206 3335 1258 3392 630

260 3409 441 3489 Exagitauti
460 3411 574 3473 adeone
597 3413 753 3474 animarum
773 3407 893 3473 taedet?
906 3409 1062 3489 ctllrgos

259 3493 376 3557 Exosi?
398 3497 437 3556 nil
456 3497 541 3558 dulce
563 3494 661 3558 domii
680 3497 758 3559 nulla
781 3498 876 3558 omina
896 3492 1028 3576 curcei,

262 3580 337 3655 Quid
358 3600 404 3642 me
425 3580 526 3642 Persei
547 3593 662 3644 sacrata
681 3583 717 3644 ad
737 3582 860 3644 culmina
881 3580 999 3643 nantis·

259 3664 307 3726 lre
323 3666 415 3744 gradu
434 3667 550 3746 trepido
573 3685 756 3748 superosque
778 3669 944 3748 inrumpere
965 3673 1066 3729 coetus

260 3749 395 3829 Egistis‘l
431 3751 514 3813 Potui
534 3753 643 3834 pariter
663 3754 798 3836 nescire,
820 3754 887 3837 quis
905 3752 997 3816 00000
1215 3751 1276 3802 ³³³¹*

301 3855 436 3901 spurtus
456 3858 493 3900 11.
1094 3829 1123 3886 ’ὸ
