3134 4434
280 455 343 520 262
615 466 647 516 Ρ.
667 467 800 516 euentu
822 467 943 517 sanun

282 621 451 702 Antigone?
472 622 540 683 mibi
561 640 666 702 nempe
686 625 783 700 iaces,
805 624 873 684 mibi
893 622 1002 687 victus
1027 648 1065 689 es
1097 632 1160 692 uni.

281 710 438 782 Dicebam,
462 726 519 788 quo
540 707 634 768 tendis
652 705 730 769 iter'l
752 709 820 787 qnid
842 719 965 788 sceptra
988 724 1113 792 negata

281 792 404 857 Poscis?
425 793 517 854 babes
539 792 654 869 Argos,
677 795 775 853 soceri
792 793 931 870 regnabis
953 796 988 855 in
1011 800 1105 865 aula:

280 880 335 941 llic
357 878 408 939 tibi
431 878 535 955 longus
556 877 667 952 honos,
689 877 737 937 bic
757 879 879 938 indivisa
901 888 1060 957 potestas.
1147 888 1151 895 '
1254 896 1292 950 335

282 964 358 1039 Quid
380 959 509 1042 queror?
530 963 594 1042 ipsa
615 961 682 1023 dedi
702 962 811 1022 bellum
829 972 1044 1045 moestumque
1068 973 1187 1048 rogavi

282 1049 349 1127 lpsa
372 1057 499 1127 patrem,
522 1056 553 1106 nt
570 1045 658 1107 taleni
678 1064 754 1107 nunc
771 1057 801 1108 te
820 1047 977 1125 complexa
1000 1059 1163 1115 tenerem.

283 1134 343 1194 Sed
366 1132 442 1192 bene
464 1131 563 1207 habet,
585 1132 700 1211 superi,
723 1140 835 1209 gratum
858 1141 913 1207 est,
935 1132 1097 1206 Fortuna:
1122 1152 1245 1220 peracta
1260 1151 1292 1202 est

283 1221 360 1297 Spes
378 1218 535 1295 longinqua
556 1217 636 1276 viae:
658 1225 737 1276 totos
757 1217 917 1277 invenimus
938 1226 1036 1279 artus.

281 1304 336 1364 llei
359 1302 441 1377 mibi,
460 1301 514 1360 sed
536 1309 642 1378 quanto
665 1301 816 1361 descendit
835 1302 939 1361 vulnus
960 1302 1067 1367 hiatu!
1253 1321 1293 1376 ato

286 1389 350 1449 lloc
371 1383 484 1446 irater?
506 1403 562 1464 qua
583 1395 682 1463 parte,
705 1402 830 1464 precor,
852 1387 928 1446 iacet
950 1387 1007 1447 ille
1032 1393 1193 1458 nefandas

283 1468 462 1533 Praedator?
483 1471 595 1530 vincam
613 1471 768 1546 volucres,
789 1473 826 1530 sit
846 1470 924 1531 adire
946 1482 1107 1555 potestas,

284 1557 503 1634 Excludamque
524 1554 619 1622 feram
643 1573 679 1615 an
701 1555 790 1616 babet
806 1556 937 1615 funestus
958 1567 990 1617 et
1014 1561 1139 1637 ignes?

284 1642 344 1703 Sed
365 1659 420 1701 nec
442 1649 472 1700 te
495 1639 615 1699 dammis
632 1642 749 1718 inopem
767 1649 816 1701 toa
834 1649 912 1700 terra
932 1641 1068 1705 videbit:

285 1725 412 1786 Ardebis
428 1724 621 1803 lacrimasque
640 1724 735 1801 feres,
753 1742 825 1803 quas
844 1725 923 1785 lerre
942 1737 1092 1803 negatum
1225 1760 1229 1768 ·
1254 1744 1294 1799 345

284 1810 434 1887 Regibus,
456 1818 663 1888 aeternumque
684 1817 733 1868 tuo
756 1809 892 1869 famulata
914 1811 1063 1889 sepulcro
1202 1822 1205 1826 ’

284 1894 406 1957 Durabit
428 1891 545 1954 deserta
566 1892 655 1969 fides,
679 1894 821 1972 testisque
842 1893 975 1954 dolorum

283 1981 374 2041 Natus
397 1979 467 2053 erit,
487 1995 636 2058 parvoque
655 1987 749 2039 torum
768 1978 908 2055 Polynice
927 1979 1070 2042 fovebo!

347 2063 429 2124 Ecce
449 2064 523 2123 alios
545 2065 670 2140 gemitus
689 2063 833 2142 aliamque
854 2063 889 2124 ad
912 2063 995 2124 busta
1016 2067 1150 2134 ferebat

284 2150 431 2226 Antigone
452 2148 614 2208 miseranda
630 2148 743 2223 facem,
765 2149 815 2207 vix
835 2158 918 2208 nacta
941 2151 1057 2227 petitos
1164 2174 1167 2179 ’
1251 2169 1295 2224 350

284 2233 437 2294 Moenibus
456 2251 610 2309 egressus:
632 2232 711 2293 illam
731 2250 796 2292 nam
819 2241 951 2311 tempore
970 2236 998 2292 in
1022 2241 1108 2300 omni

285 2318 444 2379 Attendunt
463 2317 568 2394 vigiles
590 2326 621 2377 et
640 2336 695 2377 rex
712 2316 795 2377 iubet
816 2319 881 2395 ipse
902 2318 1006 2392 timeri,

285 2402 519 2480 Contractaeque
540 2403 622 2462 vices
645 2412 674 2462 et
696 2401 830 2462 crebrior
850 2402 976 2463 excubat
995 2405 1089 2481 ignis.

284 2488 365 2565 Ergo
382 2486 445 2547 deis
463 2486 603 2564 fratrique
620 2504 717 2546 moras
739 2495 862 2547 excusat
884 2497 912 2547 et
932 2505 1046 2565 amens,

285 2573 324 2633 Ut
344 2571 459 2650 paulum
481 2571 598 2630 inmisso
622 2572 711 2631 cessit
732 2573 819 2631 statio
841 2571 958 2632 borrida
977 2588 1100 2655 somno,
1256 2598 1297 2652 355

285 2656 416 2733 Erumpit
433 2655 536 2723 muris;
556 2653 671 2715 fremitu
692 2672 749 2734 quo
770 2657 882 2716 territat
905 2674 994 2733 agros

285 2741 413 2818 Virginis
432 2740 474 2800 ira
491 2740 556 2800 leae
575 2739 692 2816 rabies,
716 2740 761 2800 cui
783 2740 877 2801 libera
895 2741 1010 2801 tandem

286 2827 324 2888 Et
342 2827 449 2904 primus
470 2825 532 2885 sine
554 2835 644 2886 matre
666 2824 761 2892 iuror;
785 2844 841 2884 nec
863 2825 950 2903 longa
967 2839 1086 2892 morata
1109 2848 1174 2915 est,

287 2912 403 2989 Quippe
425 2919 535 2970 trucem
553 2928 684 2988 campum
705 2920 735 2969 et
756 2911 869 2988 positus
892 2927 949 2988 quo
969 2911 1101 2988 pulvere
1124 2922 1236 3006 irater,

286 2995 430 3062 Noverat;
453 3004 541 3073 atque
561 2995 640 3054 illam
661 3003 762 3054 contra
783 2995 864 3055 videt
886 2996 928 3054 ire
950 2993 1126 3081 Menoetes,
1253 3022 1297 3078 350

289 3078 342 3140 Cui
362 3089 462 3155 vacat,
486 3089 515 3139 et
537 3097 623 3139 carae
645 3080 768 3157 gemitus
791 3080 953 3158 compescit
973 3080 1126 3148 alumnae.

259 3199 262 3204 -
351 3162 443 3237 Quum
465 3174 560 3224 tamen
581 3173 695 3224 erectas
718 3173 866 3224 extremus
887 3165 1007 3241 virginis
1028 3184 1125 3233 aures

287 3251 424 3310 Accessit
445 3267 551 3324 sonus,
570 3258 659 3328 utque
682 3257 743 3309 atra
765 3249 819 3308 sub
838 3258 923 3309 veste
946 3252 1104 3332 comisque

287 3334 475 3413 squalentem
495 3343 523 3393 et
546 3351 646 3394 crasso
669 3332 814 3394 foedatam
836 3334 975 3410 sauguine
994 3337 1098 3401 vultus

288 3418 441 3478 Astrorum
460 3418 547 3478 radiis
570 3428 600 3479 et
618 3429 739 3497 utraque
761 3437 777 3479 a
798 3418 930 3497 lampade
951 3418 1037 3480 vidit:
1251 3446 1295 3501 355

289 3501 407 3579 ‘Guius,
430 3505 483 3578 ait,
502 3521 619 3578 manes,
641 3513 689 3564 aut
713 3521 800 3583 quem
819 3503 973 3562 temeraria
993 3514 1122 3582 quaeris

287 3587 383 3648 Nocte
404 3585 508 3648 meal'
552 3586 629 3646 Nihil
650 3588 699 3648 illa
721 3589 785 3662 diu,
808 3588 907 3648 sedin
928 3604 980 3647 ora
1001 3596 1102 3656 mariti

288 3672 386 3733 Deicit
404 3675 491 3751 inque
509 3669 579 3732 suos
604 3674 713 3752 pariter
736 3673 878 3732 velamina
895 3672 1002 3747 vultus,

283 3754 376 3842 Capta
394 3768 474 3823 ruetu
495 3757 592 3823 subito
613 3757 795 3842 paulumque
815 3756 910 3817 obluta
927 3756 1052 3815 uniens.
