3134 4434
603 501 802 553 unnemnos
823 504 892 552 ure.
915 504 964 554 rx.
1224 495 1283 556 187

245 663 405 741 ‚Ducitur
425 661 523 722 hostili
538 692 586 706 ·-
607 678 660 740 pro
677 661 753 721 ¹dura
776 662 905 739 potentia
926 660 994 721 fati!
1016 694 1057 708 -
1167 661 1170 681 ²
1233 673 1285 727 180

285 748 400 824 Tydeus
420 747 471 807 ille
493 746 573 822 solo,
595 746 682 807 modo
704 748 749 807 cui
768 745 906 807 Thebana
929 747 1064 825 sequenti

283 833 421 910 Agmina,
444 834 506 890 sive
527 832 646 907 gradum
668 848 720 891 seu
743 831 825 890 irena
848 831 1026 907 effunderet,
1052 833 1155 909 ingens

281 917 377 977 Limes
397 917 539 994 utrimque
558 916 653 982 datus:
674 934 814 994 nusquam
832 934 910 976 arma
923 933 1083 994 manusque
1097 917 1270 996 quiescunt,¹

282 1002 370 1062 Nulla
390 1002 445 1060 viri
462 1001 582 1077 feritas,
605 1003 683 1060 iuvat
704 1017 756 1061 ora
777 1001 902 1078 rigentia
924 1001 985 1061 leto
1280 997 1282 1003 ’

282 1086 319 1146 Et
341 1085 511 1145 formidatos
532 1087 639 1164 inpune
661 1086 812 1145 lacessere
832 1085 938 1146 vultus.
1231 1096 1282 1150 185

281 1171 336 1231 llic
357 1188 454 1247 amor,
477 1168 534 1230 boc
555 1189 610 1230 una
630 1171 719 1230 timidi
741 1165 893 1248 fortesque
918 1179 1077 1248 sequuntur

282 1255 445 1315 Nobilitare
467 1273 584 1332 manus,
608 1255 775 1333 infectaque
795 1257 935 1331 sanguine
954 1255 1013 1314 tela

283 1338 462 1416 Coniugibus
484 1349 601 1400 servant
620 1341 777 1417 parvisque
799 1339 956 1399 ostendere
978 1340 1062 1400 natis.

283 1426 333 1484 Sic
351 1423 401 1483 ubi
418 1423 518 1484 Maura
534 1423 582 1483 diu
600 1423 769 1503 populatum
789 1441 855 1483 rura
879 1424 1004 1499 leonem,

282 1508 375 1582 Quem
394 1517 516 1587 propter
535 1509 686 1587 clausique
705 1526 815 1585 greges
833 1509 1012 1587 vigilantque
1032 1507 1171 1586 magistri,
1231 1518 1282 1572 too

282 1593 432 1653 Pastorum
451 1593 548 1652 lassae
568 1592 756 1653 debellavere
776 1592 930 1653 cohortes:

283 1677 395 1738 Gaudet
417 1696 502 1755 ager,
525 1695 630 1754 magno
652 1677 777 1736 subeunt
799 1677 927 1738 clamore
949 1677 1058 1752 coloni,

282 1763 536 1841 Praecerpuntque
559 1762 640 1822 iubas
662 1763 843 1841 inmaniaque
863 1780 914 1823 ora
935 1762 1097 1837 recludunt,

282 1847 450 1926 Damnaque
471 1856 711 1924 commemorant,
737 1866 790 1907 seu
809 1850 864 1906 iam
885 1847 938 1907 sub
962 1847 1085 1907 culmine
1109 1847 1185 1906 llxus

281 1931 430 2007 Excubat,
454 1935 570 2009 antiquo
593 1949 646 1991 seu
668 1931 777 2010 pendet
796 1933 891 2010 gloria
912 1933 990 1993 luco.
1231 1939 1283 1994 195

346 2014 385 2074 At
404 2015 484 2076 ferus
503 2016 707 2095 Hippomedon
725 2035 895 2095 quamquam
915 2018 971 2077 iam
990 2015 1078 2075 sentit
1099 2014 1183 2075 inane

282 2101 429 2161 Auxilium
451 2110 480 2159 et
502 2119 598 2160 seram
615 2111 699 2179 rapto
719 2118 772 2180 pro
794 2118 921 2179 corpore
940 2116 1076 2180 pugnam,

283 2186 307 2245 lt
328 2195 424 2245 tamen
447 2193 476 2244 et
498 2203 616 2245 caecum
639 2193 715 2244 rotat
734 2185 941 2245 inrevocabilis
965 2202 1074 2244 ensem.

281 2270 339 2329 Vix
359 2271 458 2329 socios
476 2269 666 2349 hostemque,
687 2270 825 2330 nihildum
846 2269 941 2330 tardet
962 2278 1087 2344 euntem,

283 2357 467 2430 Secernens,
489 2355 541 2414 sed
564 2355 655 2414 caede
675 2372 751 2415 nova
772 2356 827 2415 iam
849 2353 959 2416 lubrica
978 2353 1066 2414 tellus
1231 2364 1283 2417 200

283 2440 430 2519 Armaque
453 2441 677 2518 seminecesque
698 2441 752 2498 viri
773 2457 933 2518 currusque
954 2439 1041 2499 soluti

283 2523 435 2604 lnpediunt
454 2524 627 2603 laevumque
647 2524 757 2601 femur,
782 2525 860 2603 quod
883 2525 1004 2604 cuspide
1023 2523 1109 2583 fixum

282 2609 374 2686 Regis
395 2608 544 2686 Echionii,
573 2627 626 2668 seu
646 2609 877 2670 dissimulaverat
898 2611 1013 2685 ardens,

284 2696 352 2753 Sive
372 2693 411 2752 ibi
433 2696 593 2754 nescierat:
616 2704 758 2754 moestum
778 2694 859 2754 videt
879 2693 995 2773 Hoplea
1013 2694 1137 2753 tandem.

283 2776 400 2854 Tydeos
423 2778 470 2838 hic
490 2779 585 2855 magni
607 2778 680 2838 lidus
703 2796 802 2838 comes
824 2789 854 2838 et
875 2779 962 2839 modo
984 2779 1090 2838 frustra
1220 2790 1282 2842 '205

282 2860 433 2938 Armiger3
456 2861 601 2939 alipedem
622 2879 713 2940 prona
735 2865 853 2922 cervice
874 2863 994 2922 tenebat

281 2946 418 3006 Fatorum
436 2947 566 3022 ignarum
584 2945 689 3006 domini
709 2947 862 3025 solumque
882 2947 1055 3006 frementem

282 3030 367 3104 Quod
388 3039 489 3106 vacet,
514 3030 601 3108 inque
627 3031 706 3090 acies
728 3031 879 3091 audentior
900 3030 951 3091 ille
974 3030 1141 3110 pedestres,

281 3115 365 3174 llunc
386 3123 589 3192 aspernantem
610 3115 719 3175 tumido
740 3133 817 3176 nova
839 3116 969 3195 pondera
990 3125 1075 3191 tergo
1096 3149 1138 3159 -

282 3199 373 3260 Unam
394 3200 502 3279 quippe
520 3217 632 3259 manum
655 3201 768 3260 domitis
788 3210 927 3280 expertus
946 3199 982 3261 ab
1001 3201 1082 3260 annis
1103 3235 1145 3246 -
1179 3216 1181 3221 ·
1229 3212 1281 3267 210

284 3284 411 3363 Corripit
428 3284 603 3363 affaturque:
627 3284 722 3359 ‘Quid
741 3303 758 3346 o
776 3303 852 3346 nova
870 3287 949 3346 iussa
968 3302 1099 3363 recusas,

281 3368 388 3428 infelix
409 3366 550 3448 sonipes?
581 3388 721 3450 nusquam
742 3369 794 3430 tibi
816 3371 903 3431 dulce
922 3369 1041 3449 superbi

283 3454 374 3531 Regis
397 3471 482 3522 onus;
504 3472 562 3514 non
584 3456 639 3515 iam
659 3454 767 3515 Aetolo
791 3455 937 3516 satiabere
959 3471 1072 3533 campo,

281 3537 631 3617 Gaudentemque'iubam
650 3557 704 3618 per
723 3549 825 3618 stagna
841 3538 987 3600 Acheloia·
1004 3539 1115 3620 solves.

282 3622 368 3696 Quod
390 3634 539 3701 superest,
560 3642 661 3702 caros,
688 3626 713 3701 i,
738 3626 841 3685 saltem
862 3625 1007 3685 ulciscere
1026 3643 1126 3685 manes
1228 3635 1279 3688 215

281 3706 340 3766 Aut
362 3726 503 3787 sequere,
527 3718 674 3770 extorrem
696 3728 753 3770 neu
776 3718 806 3770 tu
827 3727 945 3790 quoque
968 3709 1094 3770 laeseris
1110 3707 1251 3765 umlmm

281 3789 419 3871 Captivos
440 3793 634 3874 tumidumque
656 3797 789 3878 equitem
807 3803 884 3878 post
895 3793 1012 3870 brusa
1027 3791 1160 3868 qenes?
