3134 4434
510 809 797 944 ansanus
827 809 1007 951 suurn

347 976 1184 1120 uunaatnos

600 1164 835 1289 uranu
872 1160 929 1242 11.

663 1342 861 1356 *um-n·

264 1437 387 1550 Interea
406 1488 512 1566 gelidis
534 1487 609 1550 Maia
629 1500 707 1551 satus
726 1489 821 1568 aliger
841 1489 949 1552 umbris

263 1575 347 1636 Iussa
365 1592 474 1651 gerens
496 1575 591 1652 magni
609 1584 720 1636 remeat
738 1575 831 1646 loris3
853 1576 978 1656 undique
997 1577 1100 1655 pigrae

265 1659 313 1719 lre
336 1667 435 1718 vetant
457 1659 565 1736 nubes,
590 1669 619 1721 et
639 1660 771 1727 turbidus
793 1660 912 1740 inplicat
935 1678 996 1737 aer,

263 1743 329 1804 Nee
346 1742 475 1823 Zephyri
497 1763 624 1823 rapuere
646 1743 784 1823 gradum,
809 1746 861 1807 sed
880 1745 969 1806 loeda
988 1744 1101 1805 silentis

264 1829 346 1888 Aura
366 1828 436 1907 poli,
481 1830 554 1905 Styx
575 1829 643 1890 inde
664 1847 769 1890 novem
792 1829 958 1891 circumflua
979 1832 1099 1910 eampis,
1248 1846 1264 1895 5

264 1913 339 1972 lline
359 1913 475 1974 obiecta
498 1917 560 1974 vias
581 1913 740 1974 torrentum
762 1915 896 1976 incendia
919 1913 1045 1975 eludunt.

265 1997 994 2162 tttttttzttttttttt-r’ltllttttttt
1010 2082 1055 2144 ll-

268 2157 703 2245 Transntntfflti's'a‘sssognaus
722 2167 829 2228 ictibus
853 2169 931 2228 ensis

266 2252 381 2331 Inpius,
405 2261 434 2311 et
457 2254 563 2332 primas
584 2251 733 2313 Furiarum
755 2252 873 2333 pertulit
894 2253 963 2314 iras.

268 2337 294 2397 lt
315 2345 410 2398 tamen
432 2347 461 2397 et
482 2338 595 2399 medica
614 2337 707 2398 firmat
727 2339 853 2416 vestigia
874 2339 967 2417 virga.

268 2421 340 2482 'l'um
362 2422 477 2482 steriles
500 2422 558 2483 luci
582 2440 781 2503 possessaque
804 2422 933 2484 manibus
955 2440 1024 2486 arua

267 2505 306 2567 Et
323 2491 640 2585 termemfflremus
662 2508 814 2588 adstupet,
837 2510 959 2589 ipsaque
982 2509 1070 2570 tellus

267 2590 388 2652 Miratur
408 2593 539 2670 patuisse
560 2603 657 2669 retro,
677 2611 734 2654 nec
753 2592 841 2656 livida
863 2591 946 2655 tabes

267 2676 413 2754 Invidiae,
436 2677 542 2738 iuuetis
561 2696 731 2758 quamquam
753 2680 785 2740 et
804 2679 986 2739 iamlumine
1008 2678 1112 2752 nassis,
1235 2687 1267 2739 15

268 2760 379 2821 Defuit.
423 2761 504 2822 Unus
524 2762 572 2823 ubi
594 2773 661 2823 ante
681 2762 772 2840 alios,
795 2764 841 2823 cui
863 2763 949 2824 laeua
967 2762 1101 2823 voluntas

271 2847 395 2922 Semper
416 2856 445 2907 et
467 2847 503 2907 ad
523 2864 647 2926 superos
669 2847 737 2908 hine
754 2856 801 2907 est
819 2849 918 2924 gravis
938 2848 1052 2921 exitus,
1075 2846 1140 2907 aevi

270 2929 413 2990 Insultare
436 2931 518 2992 malis
539 2926 688 3011 rebusque
710 2949 892 3009 aegrescere
912 2931 1012 2992 luetis:

337 3014 454 3093 ‘Vade,
476 3017 530 3093 ait,
554 3033 572 3076 ο
594 3016 683 3093 felix,
707 3034 907 3096 quoscumque
927 3017 1044 3076 vocaris
1066 3018 1094 3076 in
1111 3035 1191 3094 usus,

272 3102 333 3161 Seu
354 3098 432 3161 lovis
453 3102 598 3180 imperi0,.
614 3119 667 3160 seu
689 3102 781 3161 maior
804 3100 901 3178 adegit
922 3099 992 3160 Eriu
1013 3118 1028 3160 s
1234 3114 1270 3165 20

270 3185 318 3246 lre
336 3185 411 3246 diem
433 3195 553 3262 eontra,
576 3204 629 3247 seu
650 3195 680 3246 te
699 3186 803 3247 furiata
820 3203 907 3246 sacer

271 3270 422 3332 Thessalis
447 3288 554 3333 areana
576 3271 656 3333 iubet
680 3272 823 3349 emigrare
845 3270 996 3349 sepultam,

271 3355 334 3415 Heu
358 3356 461 3417 dulces
483 3359 580 3418 visure
604 3355 690 3436 polos
713 3355 866 3435 solemque
888 3355 1020 3416 relietum

272 3438 311 3500 Et
331 3441 440 3501 virides
462 3445 556 3502 terras
579 3451 608 3502 et
629 3459 720 3521 puros
742 3441 870 3501 lontibus
893 3457 1003 3518 amnes,

273 3524 397 3586 Tristior
418 3527 472 3586 has
493 3526 596 3586 iterum
619 3535 714 3587 tamen
736 3527 874 3586 intrature
896 3524 1056 3586 tenebras’
1238 3536 1271 3589 25

338 3610 410 3671 Illos
431 3619 461 3670 ut
483 3628 575 3671 caeco
596 3611 742 3673 recubans
763 3612 792 3670 in
815 3611 911 3671 limine
928 3611 1023 3671 sensit

275 3694 424 3756 Cerberus
445 3704 532 3774 atque
554 3712 656 3759 omues
678 3697 805 3778 capitum
826 3694 961 3758 subrexit
976 3694 1094 3768 lutatus„

278 3769 462 3815 m
