3134 4434
587 462 789 514 THEBAIDOS
811 463 881 514 LIB.
904 463 942 514 11.

271 621 338 682 Non
359 618 452 701 parcit
469 621 588 702 populis
606 639 727 700 regumn
748 620 855 692 breve;
876 619 1012 700 respice,
1031 628 1154 699 quantus

271 706 398 783 Horror,
419 714 449 765 et
468 708 578 767 attoniti
598 716 699 767 nostro
719 706 748 765 in
769 707 935 767 discrimine
956 703 1053 764 cives!

271 791 371 852 Hosne
388 808 462 868 ego,
486 793 549 870 quis
566 800 646 852 certa
665 799 711 852 est
729 789 783 850 sub
799 800 829 852 tc
844 791 919 853 duce
937 806 1049 870 poena,
1064 788 1245 871 relinquam?

271 875 380 952 Iratus,
401 894 558 954 germane,
580 877 673 936 venis.
716 874 777 936 Fac
799 875 895 953 velle,
917 893 974 935 nec
994 873 1063 954 ipsi,

272 961 303 1021 st
322 959 409 1021 modo
431 969 515 1020 notus
537 978 618 1022 amor
637 961 790 1039 meritique
812 969 858 1021 est
875 960 985 1039 gratia,
1009 966 1109 1039 patres
1215 969 1268 1024 450

271 1045 409 1106 Reddere
427 1063 518 1122 regna
539 1047 656 1107 sinent!
699 1043 764 1105 Non
786 1045 861 1105 ultra
878 1062 999 1124 passus,
1022 1051 1053 1106 et
1072 1061 1140 1105 orsa

271 1131 374 1191 lnieoit
391 1130 493 1190 mediis
515 1129 696 1191 sermonibus
718 1129 821 1190 obvia:
845 1129 989 1206 ‘lleddes,

271 1215 447 1293 ingeminat,
470 1215 596 1290 reddcs3
616 1231 674 1276 non
695 1215 721 1274 si
740 1224 770 1275 te
788 1214 904 1275 ferreus
925 1231 1017 1293 agger

271 1299 403 1376 Ambiat,
425 1308 473 1360 aut
497 1300 630 1380 triplices
651 1298 709 1360 alio
731 1299 784 1359 tihi
804 1299 929 1361 carmine
950 1315 1048 1360 muros

270 1383 416 1463 Amphion
438 1384 550 1446 auditus
571 1393 652 1462 agan
665 1383 712 1444 -nil
731 1383 810 1461 tela,
832 1402 888 1444 nec
909 1385 993 1462 ignes
1215 1394 1266 1449 455

273 1469 458 1547 Obstiterint,
480 1471 547 1548 quin
566 1487 635 1530 ausa
657 1469 720 1530 luas
741 1469 908 1548 nostrisque
928 1467 982 1529 sub
1006 1469 1092 1529 armis

273 1553 396 1633 Captivo
418 1552 605 1615 moribundus
626 1552 741 1614 humum
761 1552 924 1615 diademate
946 1554 1056 1633 pulses.

272 1638 315 1698 Tu
337 1639 455 1700 merito:
477 1648 522 1699 ast
541 1640 643 1701 horum
663 1638 798 1715 miseret,
822 1655 896 1717 quos
916 1638 1055 1717 sanguine
1074 1638 1149 1700 viles

273 1721 454 1801 Coniugibus
475 1724 608 1803 natisque
629 1722 744 1783 infanda
766 1723 804 1784 ad
823 1722 937 1802 proelia
957 1731 1059 1802 raptos

270 1807 382 1869 Proiois
401 1808 533 1885 excidio,
555 1807 633 1869 bone
653 1826 716 1868 rex.
762 1806 913 1886 0quanta
933 1805 1092 1869 Cithaeron
1125 1814 1128 1820 '
1213 1815 1266 1871 460

270 1893 401 1970 Funera,
426 1893 651 1972 sanguineisque
671 1892 772 1969 vadis,
791 1890 922 1969 Ismene,
943 1891 1068 1953 rotabis!
1270 1915 1272 1919 ¹

269 1979 350 2039 llaec
371 1978 482 2057 pietas,
505 1978 579 2038 haec
600 1995 704 2055 magna
723 1976 812 2039 iides!
834 1995 890 2038 nec
910 1977 1028 2038 crimina
1047 1977 1143 2054 gentis

270 2061 342 2123 Mira
364 2062 497 2140 equidem
519 2063 611 2130 duco;
633 2064 678 2123 sic
699 2062 809 2141 primus
829 2062 977 2138 sanguinis
998 2070 1102 2122 auctor

270 2147 436 2226 lncestique
458 2156 571 2225 patrum
591 2145 723 2223 thalami,
745 2145 799 2206 sed
819 2145 894 2206 fallit
912 2146 1013 2223 origo:

271 2231 440 2311 Oedipodes
458 2241 487 2292 tu
510 2231 591 2291 solus
614 2248 698 2308 eras,
720 2230 796 2290 haec
817 2231 945 2309 praemia
965 2246 1076 2290 mamm
1211 2236 1263 2293 465
1359 2248 1361 2252 ’

271 2316 316 2378 Ac
338 2316 479 2393 sceleris,
501 2315 648 2392 violente,
666 2314 762 2375 ieres:
785 2331 839 2374 nos
862 2315 1012 2394 poscimus
1031 2331 1143 2374 annum.

270 2401 329 2463 Sed
350 2405 470 2462 moror!
514 2399 596 2461 Haec
613 2400 708 2461 audax
728 2399 880 2463 etiamnum
901 2400 930 2459 in
947 2400 1045 2461 limine
1065 2407 1145 2460 retro

269 2486 460 2561 Vociferans,
483 2486 538 2546 iam
556 2495 624 2547 tunc
644 2484 759 2565 inpulsa
778 2490 836 2564 per
856 2485 970 2563 agmina
991 2501 1148 2565 praeceps,

267 2570 383 2632 Evolat.
429 2569 547 2632 Oeneae
565 2569 673 2632 vindex
695 2571 739 2631 sic
760 2569 812 2630 ille
833 2567 944 2632 Dianae

268 2655 393 2717 Erectus
416 2657 487 2716 setis
508 2666 538 2717 et
560 2655 688 2717 aduncae
706 2654 826 2717 fulmine
846 2655 952 2734 malac,
1209 2660 1263 2717 ato

269 2740 363 2814 Quum
387 2749 536 2820 premeret
552 2740 682 2819 Pelopea
704 2739 847 2820 phalanx,
868 2758 939 2802 saxa
961 2738 1048 2800 obvia
1067 2737 1191 2799 volvens
1246 2753 1248 2758 ·

267 2823 431 2902 Fractaque
449 2824 592 2902 perfossis
613 2823 731 2884 arbusta
747 2822 892 2885 Acheloia
911 2824 994 2903 ripis,

268 2907 328 2968 lam
350 2907 509 2967 Telamona
529 2907 614 2982 solo,
636 2908 692 2966 iam
713 2916 834 2967 stratum
853 2906 954 2968 lxiona
970 2906 1115 2984 linquens,

269 2992 328 3069 Te,
350 2990 516 3068 Meleagro,
540 2988 630 3050 subit:
651 2990 691 3050 ibi
709 2992 823 3052 demum
845 2990 967 3071 cuspide
989 2990 1047 3052 lata

267 3077 368 3138 Haesit
389 3085 419 3136 et
440 3075 547 3135 obnixo
569 3074 677 3135 ferrum
698 3074 808 3136 laxavit
827 3075 856 3136 in
878 3092 969 3136 armo.
1208 3085 1261 3144 tte

332 3161 411 3222 Talis
431 3160 525 3222 adhuc
546 3159 689 3239 trepidum
710 3159 795 3241 liquit
814 3157 990 3236 Calydonius
1008 3157 1098 3220 heros

269 3245 446 3324 Concilium,
470 3244 636 3306 infrendens
655 3245 713 3324 ipsi
734 3263 789 3305 ceu
809 3263 903 3323 regna
924 3252 1077 3324 negentur,

266 3330 453 3411 Festinatque
473 3332 534 3391 vias
552 3347 717 3408 ramumque
738 3331 887 3410 precantis
904 3329 1005 3392 olivae.

267 3414 374 3475 Abicit.
419 3415 566 3477 Attonitae
585 3423 728 3476 tectorum
748 3433 787 3474 ex
805 3414 928 3476 culmine
950 3432 1059 3476 summo

266 3501 456 3580 Prospectant
481 3509 604 3576 matres,
626 3516 776 3578 saevoque
792 3500 908 3562 infanda
927 3508 1083 3580 precantur
1208 3508 1261 3564 480

266 3585 396 3646 Oenidae
417 3587 564 3664 tacitoque
585 3584 669 3644 simul
691 3582 745 3645 sub
767 3594 891 3664 pectore
913 3585 988 3663 regi.

326 3669 390 3730 Neo
407 3671 493 3748 piger
512 3669 630 3748 ingenio
653 3669 798 3730 scelernm
819 3670 986 3750 inaudisque
1005 3669 1148 3732 nefandae

264 3753 373 3816 Rector
395 3764 474 3833 eget.
519 3753 657 3816 Iuvenum
677 3753 753 3816 lidos
776 3754 942 3819 lectissima
958 3753 1047 3817 bullo
