3134 4434
282 488 320 538 VI
670 491 880 541 PRAEFATIO.

277 643 443 720 profuderit
455 652 483 703 et
491 648 697 721 profligaverit,
711 664 801 724 neque
813 651 856 719 id,
871 649 946 724 quod
952 652 1059 706 omnino
1068 646 1150 721 pbeta
1161 649 1281 722 duarum,

283 731 358 804 quod
372 732 617 804 anaunensium,
639 735 714 806 quod
732 737 921 806 politissimum
937 735 1077 801 uideatur,
1099 728 1236 807 quaerere
1258 741 1284 790 et

283 816 403 871 oratiam
415 818 475 872 dics
487 817 647 887 obtrudere,
661 818 713 873 sed
725 820 799 891 quod
812 818 830 874 'a
846 814 922 874 ibris
935 820 1046 890 sumptis
1058 818 1205 874 exhibetur
1218 817 1282 873 Stu-

282 899 365 971 tiiquc
375 902 494 972 proprio
509 903 632 973 inpenso,
647 905 804 958 carminum
814 902 1009 977 sumendorum
1023 904 1197 972 importunae
1211 904 1280 958 cete-

283 984 373 1052 ritan',
395 984 540 1040 uerborum
554 992 704 1057 promptae
718 988 769 1042 nec
782 990 894 1059 semper
908 987 1028 1058 dilipenti
1048 986 1167 1041 ubertati
1184 1001 1283 1042 conoe-

282 1068 345 1122 uiro
357 1067 498 1134 uideantr,
519 1071 562 1125 aei
573 1076 689 1126 sanare
703 1073 746 1126 oet
759 1070 1046 1144 rennuereedttorem
1061 1074 1176 1141 oportet.
1216 1072 1283 1125 Pro·

280 1156 382 1221 pterea
395 1155 563 1225 ubicunque
574 1155 708 1210 librorum
719 1155 1103 1211 nostrorum-eonsensusvel
1115 1154 1283 1225 optimorum

283 1234 511 1293 manumissus
533 1238 713 1294 commodum
736 1254 861 1295 sensum-
875 1240 1014 1308 exhibuit,
1037 1246 1102 1293 eam
1119 1254 1220 1310 presse
1236 1253 1282 1292 se-

284 1312 343 1374 cnt'i-
362 1314 485 1388 sumus,¹
497 1323 610 1378 reiectis
632 1314 982 1395 Marklandleliolumque
1001 1323 1171 1378 coniecturis
1186 1332 1284 1393 quam·

283 1404 625 1475 quain'nngeniosissimis
640 1409 688 1462 vel
700 1409 852 1478 plurimum
869 1407 1124 1463 commendationis
1135 1412 1163 1461 et
1174 1407 1283 1478 gratiae

282 1489 579 1558 praesentantibus.
610 1490 669 1547 Sed
686 1492 868 1547 nihilominus
884 1494 913 1547 in
927 1491 1038 1562 Statio,
1054 1491 1101 1562 qui
1122 1492 1184 1562 ipse
1200 1489 1282 1562 quasi

280 1572 316 1626 ia·
329 1571 410 1628 silvis
425 1572 458 1628 ao
473 1576 595 1632 tenebris
611 1574 660 1630 din
673 1575 784 1632 abditus
800 1577 900 1644 iaeult,
923 1588 1008 1648 quum
1022 1588 1116 1647 pauca
1130 1575 1185 1630 sint
1200 1589 1283 1646 prae-

284 1654 360 1710 sidia·
373 1655 485 1726 critica,
507 1660 676 1715 coniecturis
694 1662 808 1716 omnino
824 1668 926 1716 carere
946 1676 1003 1714 non
1023 1672 1187 1730 pessumus.
1216 1659 1284 1713 Pro·

281 1745 380 1810 pterea
396 1741 534 1798 interdum
550 1742 588 1798 ad
603 1745 778 1800 coniecturas
794 1738 955 1800 Marklandl
966 1745 1139 1815 aliorumque
1150 1744 1283 1813 reingere

283 1830 337 1879 nos
352 1827 489 1897 oportuit,
512 1827 536 1882 si
557 1824 691 1883 librorum
710 1826 1018 1884 uerba'tel·=²auxillum
1032 1828 1138 1883 nullum
1155 1827 1284 1899 serebant

282 1904 514 1966 vel‘emondandi
529 1913 605 1966 viam
621 1912 803 1969 recludebant
813 1914 990 1968 valisansum
1005 1913 1068 1967 loco
1084 1918 1178 1983 aptum
1193 1911 1283 1964 omni-

284 1998 326 2047 no*
337 2006 392 2048 non
406 1995 588 2065 praebebant.
619 1996 680 2053 Nos
696 1997 781 2068 igitur
798 2012 815 2051 a
836 1997 969 2052 librorum
988 1996 1127 2067 scriptura
1139 1994 1225 2049 modo
1242 1995 1283 2048 in·

283 2077 360 2132 vitos
380 2083 409 2134 et
429 2080 599 2135 necessitate
622 2086 738 2136 coaetos
758 2080 926 2152 nequemsi
949 2080 1094 2135 rarissime
1110 2077 1282 2148 decessisse,

283 2160 366 2218 ilioile
380 2163 515 2234 cognosci
531 2170 633 2235 potest.
662 2163 790 2232 Causas,
805 2165 906 2236 quilius
921 2165 988 2219 moti
1002 2164 1091 2218 simus
1103 2164 1151 2217 vei
1166 2162 1205 2216 od
1219 2162 1284 2216 reii-

221 2244 224 2249 ’
283 2245 400 2302 dandas
413 2248 540 2318 priorum
555 2247 693 2304 editorum
708 2249 896 2305 lectioneaai·
908 2249 1084 2309 coniecturas
1100 2249 1146 2302 vel
1163 2245 1284 2301 adreci·

281 2328 403 2400 piandus
418 2340 529 2400 noves,
549 2333 579 2387 in
592 2333 692 2403 paneis
706 2333 792 2387 inodo
806 2334 975 2404 locistqmm
987 2331 1159 2386 brevissime
1176 2329 1283 2385 addere

282 2412 415 2484 placuit,
426 2428 511 2485 quum
533 2417 715 2471 verbosiores
733 2410 1111 2486 explicationesaltlrornm
1126 2415 1283 2471 editionum

282 2501 479 2569 nutarentque
494 2498 589 2554 indole
601 2501 748 2555 abesse'et
766 2494 917 2559 munim
932 2498 1063 2555 nemine

310 2610 318 2619 =·
338 2610 345 2621 -·
366 2581 484 2652 Restat,
506 2588 536 2653 ni
555 2584 685 2639 manibus
701 2583 805 2639 Handii
827 2584 934 2656 gruum
956 2596 1040 2654 quam
1061 2582 1200 2638 maximas
1214 2598 1283 2654 aga-

283 2674 368 2736 mus·,·
382 2667 430 2738 qai
442 2673 621 2739 'quamquam
641 2660 737 2739 opere
753 2667 909 2738 Sestiana,
922 2678 997 2739 quae
1018 2672 1082 2722 ante
1104 2672 1168 2721 octo
1188 2682 1282 2738 paene

284 2750 372 2807 lustra
394 2751 481 2807 edere
501 2750 766 2824 copiosissimisque
786 2752 995 2815 commentariis
1023 2752 1163 2806 instruere
1183 2751 1282 2822 auspi»

267 2836 364 2901 ,catus
381 2840 458 2904 erat,
480 2848 572 2908 neque
594 2837 743 2892 absolvere
760 2837 982 2908 polein-ineque
1002 2850 1076 2907 quae
1098 2835 1284 2890 inchoaverat

284 2925 312 2974 el
322 2925 560 2992 praeparaverat,
576 2920 664 2976 literis
680 2921 719 2975 ita
732 2920 878 2976 mandale
885 2922 988 2990 doluit,
1004 2918 1118 2990 utquid
1133 2918 1168 2973 de
1184 2918 1283 2990 singu-

283 3004 319 3059 lis
342 3007 427 3060 mnus
448 3011 476 3059 et
493 3006 564 3061 locis
586 3004 739 3073 iudicaret,
763 3005 931 3076 perspicere
947 3005 1059 3071 liceret,
1079 3004 1167 3058 mults
1186 3008 1282 3058 nmen

284 3086 445 3143 adiumenta
459 3089 710 3160 congessit,·quac'
722 3100 834 3147 novam·
843 3084 1032 3147 Statianorum
1047 3089 1203 3143 carminum
1222 3086 1284 3142 edi-

282 3172 387 3227 tionem
400 3172 525 3243 parandi·
536 3174 646 3244 coplam
664 3171 1105 3233 moisiacenses-,-commentarii
1118 3173 1154 3227 ab
1169 3169 1283 3226 Handio

283 3256 373 3312 relicti
393 3257 431 3312 ad
450 3264 552 3327 pauca‘
564 3257 649 3311 modo
667 3257 793 3313 cumina
811 3250 1046 3329 pertinent-iique
1061 3255 1164 3326 partim
1178 3255 1286 3310 incom-

282 3340 385 3412 positi,
407 3340 509 3412 partim
523 3341 596 3394 male
617 3345 645 3395 et
664 3356 717 3412 per
736 3341 906 3414 compendia
925 3341 1038 3412 scripti,
1066 3340 1173 3410 partim·
1189 3341 1284 3410 inper-

285 3424 350 3481 iecti
364 3429 391 3479 el
408 3423 566 3480 a'dumbratl
586 3424 671 3479 modo
690 3431 764 3481 sunt.
776 3462 778 3467 -
791 3427 823 3481 ln
843 3424 1035 3481 diiudicandis
1054 3425 1143 3479 variis
1158 3423 1284 3479 leolioni-

283 3509 336 3565 bus
352 3514 478 3565 nostram
495 3508 597 3580 ubique
613 3511 789 3565 sententiam
801 3511 1013 3566 secuti2-sumus.

327 3591 622 3651 SondershusaaKal.
638 3594 722 3650 Mari.
737 3592 928 3651 naccum.

295 3690 297 3697 ·
373 3698 378 3715 ·.
1061 3674 1102 3723 Gi·
1121 3673 1242 3751 wacek.

701 3766 866 3779 uun—n„-
