3134 4434
560 439 759 514 runemnos
781 464 850 513 nun.
873 465 907 513 v.
1188 453 1243 523 101

253 619 382 697 hlassylo
402 617 497 696 frangi
516 626 655 698 stupuere
674 616 728 680 snb
746 618 833 681 hoste
854 620 1012 696 iuvencae,

253 706 279 766 lt
300 714 430 766 truncum
448 705 511 765 sine
530 703 642 764 honore
659 721 768 783 pecus,
791 721 951 783 regemque
972 713 1153 784 peremptum

251 790 320 869 lpse
344 807 433 868 ager,
455 789 510 867 ipsi
528 805 627 848 amnes
645 797 676 848 et
695 796 772 848 muta
794 797 923 851 armenta
945 796 1112 868 queruntur.

318 873 416 934 ‘lloce
438 881 533 934 autem
552 880 651 934 aerata
673 871 834 952 dispellens
853 890 982 954 nemora
997 889 1090 953 prora
1193 883 1246 938 335

251 957 349 1020 Pelias
368 957 466 1018 intacti
486 957 544 1018 late
565 956 641 1017 subit
659 957 774 1036 hospita
793 959 874 1037 ponti

252 1044 354 1112 Pinus;
378 1050 466 1121 agunt
485 1039 616 1119 Minyae,
638 1041 768 1120 geminus
789 1042 890 1121 fragor
911 1040 999 1103 ardna
1021 1050 1106 1103 canet

253 1129 311 1189 Per
331 1127 439 1203 latera,
462 1125 613 1205 abruptam
632 1124 736 1187 eredas
757 1127 905 1189 radicibus
921 1128 965 1187 ire

255 1210 404 1290 Ortygiam
424 1219 473 1272 aut
493 1209 614 1271 fractum
635 1210 744 1290 pelago
766 1211 925 1283 decurrere
945 1217 1083 1272 montem.

254 1296 310 1357 Ast
328 1294 377 1356 nbi
396 1295 545 1375 suspensis
566 1294 706 1357 siluerant
725 1313 855 1375 aequora
873 1296 982 1371 tonsis,
1195 1301 1249 1358 elo

253 1380 351 1441 Mitior
371 1389 402 1441 et
420 1379 539 1441 senibus
560 1380 662 1457 cygnis
683 1387 713 1440 et
734 1382 851 1460 pectine
870 1377 982 1443 Phoebi
1011 1422 1013 1427 -

253 1466 322 1526 Vox
342 1465 436 1526 media
453 1463 490 1524 de
502 1481 611 1543 puppe
631 1464 726 1542 venit,
746 1466 836 1527 maria
856 1466 921 1544 ipsa
944 1463 1060 1525 carinae

254 1549 423 1626 Accedunt,
445 1557 519 1628 post¹
533 1565 622 1609 nosse
644 1548 825 1628 detumeat,
849 1548 992 1627 Oeagrius
1011 1546 1073 1609 illic
1107 1624 1110 1629 Ι

255 1634 385 1694 Aeolinis
405 1632 498 1708 malo,
519 1632 622 1708 mediis
642 1633 802 1695 intersonat
823 1633 957 1714 Orpheus

255 1718 395 1796 Remigiis
416 1726 569 1796 tantosque
590 1715 672 1778 iubet
691 1719 809 1780 nescire
828 1718 956 1780 labores.
980 1742 983 1747 ·
1195 1724 1248 1781 est

254 1802 318 1864 lllis
338 1803 368 1862 in
388 1801 554 1878 Scythicum
572 1801 687 1864 Borean
706 1804 763 1864 iter
783 1821 893 1885 oraque
911 1802 1031 1885 primum

255 1885 381 1964 Cyaneis
403 1895 513 1947 arctata
533 1886 630 1947 vadia:
655 1905 710 1949 noa
732 1887 855 1949 Thracia
875 1889 939 1949 nisu

254 1971 338 2033 Bella
358 1979 439 2031 ratae
460 1972 540 2032 vario
561 1981 639 2033 tecta
659 1974 808 2034 incursare
830 1971 968 2049 tumultu,

254 2055 417 2117 Densarum
435 2055 579 2135 pecudum
599 2066 647 2119 unt
665 2056 825 2134 fugientum
845 2060 928 2117 more
947 2054 1107 2116 voluerum.

254 2140 319 2201 lleu
340 2139 390 2200 ubi
408 2158 483 2200 nnnc
501 2136 614 2201 iuriae?
637 2150 738 2220 portus
755 2140 947 2220 amplexaque
965 2139 1033 2200 litus
1197 2144 1250 2202 350

255 2224 387 2301 Moenia,
410 2241 466 2302 qna
487 2223 576 2301 longe
598 2224 705 2303 pelago
727 2225 885 2304 despectus
909 2232 1029 2304 aperto,

256 2310 425 2371 scandimus
448 2316 478 2368 et
498 2307 593 2374 celsas
615 2318 726 2380 turrem
750 2308 810 2371 hnc*
829 2326 901 2370 saxa
921 2307 1068 2386 sudesque
1205 2248 1226 2301 Ἰ
1249 2308 1296 2381 Ἥ
1313 2348 1321 2357 ,

257 2394 402 2473 Armaque
423 2401 536 2454 moesta
556 2393 647 2454 vimm
666 2402 753 2474 atque
771 2393 899 2455 iniectos
918 2391 1057 2454 caedibus
1076 2408 1164 2452 enses
1203 2334 1221 2475 ζ

1192 2456 1206 2489 l

257 2477 435 2539 Subnectant
455 2477 601 2558 trepidae;
624 2479 692 2560 quin
713 2487 743 2541 et
762 2477 925 2559 squalentia
943 2485 1023 2539 texta
1185 2478 1248 2745 3⁴⁵

1213 2310 1224 2331 p]

256 2562 419 2624 'l'horacnm
441 2572 471 2624 et
490 2563 570 2624 vultu
590 2563 692 2642 galeas
714 2564 822 2626 intrare
844 2563 942 2626 soluto

255 2647 322 2708 Non
342 2647 445 2727 pudet3
465 2648 591 2710 audaces
611 2647 707 2710 mbnit
725 2650 827 2711 mirata
845 2657 978 2711 catervas

256 2731 368 2808 Pallas,
390 2740 419 2792 et
437 2732 562 2794 adverso
583 2733 647 2794 risit
669 2731 809 2807 Gradivus
830 2733 859 2795 in
879 2732 1001 2797 llaemo.

258 2814 339 2875 'l'nnc
359 2818 480 2895 primum
502 2835 540 2887 eu
560 2817 660 2879 animis
680 2834 828 2896 praeceps
849 2818 972 2878 amentia
996 2815 1101 2890 cessit,

256 2897 321 2960 Nec
340 2901 410 2959 ratis
431 2898 483 2960 illa
503 2898 587 2977 salo,
612 2900 667 2960 sed
684 2901 780 2962 divum
801 2918 869 2961 sera
890 2918 946 2978 per
965 2915 1076 2978 aequor

257 2982 368 3044 lustitia
387 2992 416 3043 et
438 2999 552 3062 poenae
573 2982 719 3045 scelerum
738 2983 895 3045 adventare
912 2983 1057 3059 videntur,
1198 2989 1250 3046 odo
1282 3061 1285 3066 .

322 3066 457 3147 ‘lamque
474 3066 593 3129 aderant
612 3076 726 3146 terrae,
745 3076 880 3149 qnantum
900 3066 1037 3145 Gortynia
1057 3074 1175 3127 currunt

257 3152 393 3232 Spicula,
416 3152 553 3214 caeruleo
575 3153 724 3230 gravidam
745 3171 832 3235 quum
852 3151 983 3232 luppiter
1002 3150 1087 3213 imbri

257 3236 325 3316 lpse
347 3255 435 3316 snper
456 3236 561 3298 nubem
581 3237 651 3299 ratis
672 3245 847 3299 armamenta
866 3236 1017 3316 Pelasgae·

258 3323 341 3382 Sistit
362 3340 468 3400 agens3
490 3323 557 3385 inde
576 3321 682 3383 horror
703 3324 803 3403 aquia,
826 3331 856 3382 et
875 3330 975 3401 raptus
996 3321 1033 3383 ab
1055 3321 1132 3383 omni

258 3406 330 3467 Sole
350 3407 431 3485 dies,
452 3408 557 3469 miscet
578 3406 731 3484 tenebras,
755 3408 819 3486 quis
840 3407 970 3487 protinus
990 3407 1068 3471 unda
1199 3414 1250 3470 365

258 3488 425 3569 Concolor,
448 3491 547 3553 obnixi
569 3491 698 3554 lacerant
720 3509 793 3553 cava
813 3490 910 3553 nubila
930 3493 1009 3552 venti

257 3574 459 3655 Diripiantque
477 3576 599 3654 iratum,
622 3577 711 3654 nigris
730 3576 806 3637 redit
825 3576 940 3639 humida
959 3575 1048 3637 tellus

257 3659 441 3736 Vorticibus,
459 3668 608 3740 totumque
628 3659 714 3722 Notis
735 3660 916 3741 portantibus
935 3678 1046 3740 aequor

258 3743 368 3805 Pendet
390 3754 419 3806 et
439 3753 564 3827 aequato
587 3746 702 3810 iamiam
726 3763 824 3830 prope
839 3744 1065 3825 ¹nidenadonso
