3134 4434
305 453 364 519 lod
630 466 661 514 a.
684 466 818 514 rnmnu
841 464 957 514 srnrrr

305 623 443 701 Coniugis
466 623 576 684 insidiis
597 631 627 683 et
649 623 747 703 iniquo
768 621 901 683 venditus
924 638 994 683 auro
1018 620 1021 625 '

303 709 460 787 Argolicas
481 709 578 787 acies,
600 707 676 768 unde
697 708 772 768 hacc
793 707 844 768 tihi
865 707 947 770 turba
968 718 1135 770 recentum
1266 720 1305 777 lot

302 794 473 855 Umbrarum
495 803 524 854 et
545 800 664 854 nostrae
685 794 805 853 veniunt
825 810 942 872 quoque
963 792 1071 856 iuuera
1096 795 1243 874 dextrae,

302 878 369 938 Non
388 881 504 956 ignarus
525 879 578 946 lni;
601 877 696 938 subito
715 894 762 937 me
779 877 892 939 turbine
912 878 1021 954 mundi,

300 963 408 1024 Horret
428 964 521 1024 adhue
542 964 667 1037 animus,
689 963 792 1022 mediis
813 981 830 1023 e
852 960 978 1023 millibus
995 962 1096 1024 hausit

300 1048 368 1109 Non
389 1058 446 1110 tua.
487 1047 569 1122 Quae
591 1046 659 1107 mihi
677 1065 774 1123 mens,
795 1047 860 1108 dum
880 1065 936 1127 per
957 1065 1029 1108 cava
1048 1049 1179 1112 viscera
1199 1059 1291 1111 terrae

301 1133 384 1195 Vado
408 1134 454 1194 diu
475 1132 606 1212 pendens
630 1141 660 1193 ct
680 1133 708 1192 in
729 1150 799 1192 aere
821 1132 925 1193 volvor
947 1131 1078 1212 operto?
1264 1145 1306 1200 no

300 1218 355 1279 llei
375 1218 458 1278 milri!
482 1216 522 1276 nil
543 1236 580 1278 ex
602 1234 647 1277 me
671 1217 759 1277 sociis
781 1218 950 1296 patriaeque
972 1217 1143 1295 relictum,··

301 1303 358 1363 Vel
381 1311 496 1382 captum
517 1300 640 1371 Thebis;
663 1318 721 1362 nou
740 1303 797 1361 iam
817 1301 947 1362 Lernaea
970 1301 1079 1362 videbo

303 1388 410 1464 Tecta,
434 1404 490 1447 nec
514 1388 634 1447 attonito
654 1386 757 1447 saltem
779 1388 851 1446 cinis
871 1386 921 1446 ibo
943 1387 1068 1466 parenti.

299 1472 367 1533 Non
386 1472 513 1549 tumulo,
534 1489 592 1532 non
612 1475 679 1551 igne
700 1472 789 1531 miser
809 1471 992 1550 lacrimisque
1013 1488 1155 1534 meorum

299 1557 477 1633 Productus,
495 1566 558 1618 toto
579 1558 688 1637 pariter
705 1556 756 1617 tibi
775 1556 879 1616 iuuere
899 1557 977 1632 veni,
1002 1570 1005 1575 ·
1263 1568 1307 1624 115

301 1641 351 1703 Nil
372 1643 434 1703 istis
457 1659 577 1702 ansnms
600 1643 699 1721 eqnis;
721 1658 778 1702 nec
800 1640 947 1721 deprecor
967 1639 1098 1700 umbram

301 1726 448 1805 Accipere
472 1736 501 1787 ct
519 1726 663 1807 tripodum
683 1727 739 1787 iam
758 1743 816 1786 non
837 1726 1001 1786 meminisse
1022 1741 1176 1790 meorum.

299 1809 373 1872 Nam
394 1811 446 1871 tibi
466 1812 602 1892 praesagi
621 1811 684 1890 quis
705 1812 761 1871 iam
783 1828 873 1891 super
893 1810 1009 1888 auguris
1029 1826 1114 1887 usus,

301 1895 395 1970 Quum
415 1894 525 1957 Parcae
547 1905 594 1956 tua
617 1897 695 1957 iussa
714 1892 847 1956 trahant?
869 1895 923 1956 scd
939 1903 1062 1975 pectora
1084 1894 1202 1959 lleetas

300 1979 339 2041 Et
361 1981 465 2041 melior
486 1981 546 2057 sis,
567 1996 694 2061 quaeso,
713 1979 792 2050 deis;
815 1981 840 2040 si
860 1980 973 2061 qnando
993 1978 1123 2042 neianda
1263 1994 1307 2048 lto

301 2065 365 2126 Huc
384 2065 477 2126 aderit
499 2067 621 2143 coniux,
645 2065 688 2127 llll
705 2064 822 2126 lunesto
841 2082 963 2126 reserva

304 2151 471 2232 Supplicia:
492 2150 543 2212 illa
565 2161 629 2227 tna,
654 2158 753 2211 rector
773 2149 868 2227 hone,
894 2148 1008 2228 dignior
1025 2147 1094 2208 ira?

367 2236 484 2314 Accipit
505 2236 556 2297 illc
577 2254 685 2316 preces
706 2234 927 2314 indignaturque
948 2232 1070 2294 moveri.

304 2320 343 2381 Ut
364 2321 413 2382 leo
433 2318 554 2397 Massyli
577 2338 662 2400 quum
682 2319 732 2380 lux
754 2321 834 2380 stetit
855 2319 942 2381 obvia
961 2318 1044 2394 ferri,

302 2405 384 2466 Tunc
405 2406 479 2483 iras,
501 2414 570 2465 tunc
589 2422 665 2465 arma
685 2406 771 2482 citat,
788 2405 820 2464 -si
843 2404 957 2465 decidat
978 2403 1083 2478 hostis,
1264 2418 1308 2473 ltt

302 2488 350 2550 lrc
373 2507 462 2568 super
484 2491 554 2550 satis
574 2498 620 2549 cst
636 2489 783 2568 vitamque
804 2489 973 2569 relinquere
993 2488 1084 2547 victo.

367 2572 484 2635 luteres
503 2574 582 2633 vittis
602 2573 741 2652 lauruque
762 2574 882 2652 insignis
902 2575 996 2653 opima

305 2657 413 2719 Currus
437 2665 467 2717 et
485 2659 614 2737 egregiis
634 2657 721 2718 modo
740 2657 909 2719 formidatus
928 2660 957 2718 in
981 2657 1079 2732 armis,
1123 2701 1128 2709 .

303 2742 382 2805 Luce
402 2741 497 2823 palam
516 2742 597 2803 iosus
617 2742 703 2820 nulli,
725 2742 854 2822 nullique
872 2743 988 2822 lagatus

303 2827 475 2902 Quaeritur:
498 2827 638 2890 absistunt
657 2834 786 2904 turmae,
810 2838 1007 2909 suspectaque
1025 2826 1117 2888 tellus
1264 2842 1309 2897 loo

304 2912 459 2989 Omnibus,
484 2912 562 2974 inlidi
582 2914 666 2974 miles
683 2914 808 2992 vestigia
827 2914 921 2993 campi

305 2995 431 3074 circuit,
453 3007 539 3078 atquc
561 3000 663 3060 avidae
682 3000 772 3058 tristis
795 2998 879 3058 locus
900 2997 952 3058 ille
972 2995 1072 3058 ruinae
1133 3002 1136 3007 '

305 3079 427 3158 cessat,
449 3092 479 3143 ct
499 3082 604 3143 infami
625 3084 730 3143 vitatur
747 3082 860 3145 honore
881 3081 1021 3163 sepulcri.

366 3166 487 3227 Nuntius
509 3167 633 3229 hortanti
651 3168 767 3229 diversa
789 3168 818 3228 in
838 3176 922 3248 parts
944 3166 1085 3246 maniplos

303 3250 431 3312 Adrasto
452 3285 494 3298 -
510 3253 560 3312 vix
578 3253 642 3331 ipse
663 3262 743 3314 ratus
763 3253 872 3314 vidisse
893 3251 1112 3313 -Palaemon
1265 3267 1311 3323 lto

304 3336 449 3416 Advolat,
473 3345 503 3396 et
520 3336 684 3418 trepidans,
705 3346 829 3399 steterat
845 3354 910 3398 nam
929 3337 1006 3398 iorte
1021 3336 1140 3398 cadenti

305 3419 474 3497 Proximus,
494 3421 689 3502 inspectoque
712 3423 802 3483 miser
823 3421 959 3503 pallebat·
974 3420 1062 3481 lrlatn.

305 3504 415 3565 ‘Verte
437 3504 572 3584 gradum,
597 3506 683 3584 inge,
706 3516 822 3585 rector,
845 3509 899 3584 ait,
922 3508 947 3566 si
969 3505 1078 3565 Dorica
1100 3507 1217 3571 saltem

305 3588 396 3651 'l'erra
418 3590 502 3668 loco,
523 3591 692 3672 patriaeque
711 3601 841 3670 manent,
862 3591 912 3652 ubi
934 3591 1083 3670 liquimus,
1107 3609 1214 3655 arces.

304 3674 370 3735 Non
392 3677 494 3753 armis,
514 3693 571 3736 nou
590 3679 729 3756 sanguine
753 3693 842 3758 opus:
866 3677 935 3756 quid
956 3675 1055 3736 inutile
1077 3675 1194 3740 ferrum
1265 3692 1314 3747 llo

296 3761 474 3843 Stringimus
493 3763 522 3827 in
546 3759 687 3828 Thebas?
709 3780 814 3826 eunus
829 3761 936 3825 numus
953 3763 1039 3837 inpia
1056 3759 1163 3818 annuet
