3134 4434
294 452 358 515 254
634 462 666 512 e.
684 462 819 512 enema
839 462 955 513 annun

293 618 469 682 Vulneribus
490 618 602 696 magnis
619 628 650 679 et
669 618 706 679 de
727 619 834 679 virtute
856 627 1029 698 queramur.

293 705 411 785 Frigida
429 703 568 781 digeritur
590 713 721 781 strages,
742 712 864 783 patuere
887 705 1007 764 recisae

295 791 368 853 Cum
389 789 501 868 capulis
522 788 671 867 hastisque
692 805 792 849 manus
814 789 976 867 mediisque
1002 791 1146 868 sagittae

291 874 456 937 huminibus
477 882 603 943 stantes余
625 872 720 933 multis
740 874 867 952 vestigia
887 872 987 934 caedis

292 960 395 1036 Nulla,
416 967 501 1018 ruunt
522 958 640 1038 planetu
661 957 808 1039 pendente
831 955 862 1018 et'
882 956 991 1036 ubique
1014 969 1147 1037 parato.

291 1047 332 1105 At
352 1045 461 1104 circum
479 1043 618 1103 informes
637 1051 757 1103 mancos
775 1041 942 1103 miserabile
964 1044 1067 1120 surgit

292 1129 462 1204 Certamen,
482 1129 531 1208 qui
552 1129 627 1189 iusta
648 1127 758 1204 lerant,
781 1128 830 1206 qui
850 1126 951 1188 lunera
971 1127 1100 1190 ducant.

292 1216 390 1294 Saepe
413 1214 498 1273 etiam
518 1212 656 1290 hostiles,
679 1212 748 1272 lusit
768 1210 894 1273 Fortuna
915 1207 1096 1292 parumper,

292 1299 418 1378 Decepti
440 1296 550 1358 devere
572 1296 666 1367 viros余
686 1315 742 1357 nec
765 1306 845 1357 certa
866 1295 991 1357 facultas

291 1383 443 1459 Nascere,
462 1400 549 1461 quem
568 1383 666 1441 miseri
686 1382 778 1442 vitent
796 1381 947 1442 calcentve
969 1399 1132 1444 cruorem.

355 1467 396 1528 ht
417 1467 521 1546 quibus
542 1475 588 1526 est
608 1466 719 1526 inlaesa
740 1467 842 1528 domus
863 1465 1007 1543 vacuique
1033 1467 1186 1552 dolores,

291 1553 350 1614 Aut
370 1552 487 1613 deserta
506 1550 575 1628 vagi
592 1549 722 1611 Danaum
739 1550 864 1611 tentoria
883 1550 1005 1610 lustrant
1125 1585 1129 1591 -

291 1638 491 1716 Inmittuntque
512 1634 611 1712 iaces,
633 1643 697 1712 aut,
720 1652 795 1714 quae
816 1644 885 1715 post
905 1634 984 1696 bella
1011 1636 1181 1719 voluptas,

291 1723 441 1797 Quaerunt
462 1721 602 1799 dispersi,
625 1720 721 1780 iaceat
741 1737 800 1798 quo
822 1719 945 1801 pulvere
967 1718 1108 1800 Tydeus,

290 1808 338 1866 An
358 1807 432 1886 rapti
452 1814 551 1883 pateat
567 1822 675 1883 specus
697 1805 835 1889 auguris,
854 1813 903 1866 aut
922 1803 971 1865 ubi
992 1806 1100 1868 divum

290 1891 404 1970 Hostis,
427 1908 462 1950 an
484 1889 631 1950 aetheriae
649 1889 748 1950 vivant
769 1908 825 1969 per
844 1889 971 1950 membra
993 1889 1137 1954 favillae.

290 1975 349 2036 lam
371 1974 495 2035 lacrimis
517 1982 653 2052 exempta
671 1974 750 2051 dies,
772 1993 829 2035 nee
850 1992 936 2034 serus
952 1973 1057 2053 abegit

289 2060 422 2139 Vesper:
447 2068 540 2119 amant
557 2059 657 2118 miseri
678 2059 803 2120 lamenta
823 2059 964 2137 malisque
981 2058 1138 2123 fruuntur.

224 2178 226 2181 -
289 2143 354 2204 Nee
376 2143 491 2203 subiere
512 2142 631 2220 domos,
654 2143 708 2204 sed
732 2145 840 2205 circum
860 2144 961 2205 lunera
982 2162 1110 2223 pernox

291 2226 387 2289 Turba
408 2227 507 2304 sedet,
529 2227 700 2308 vicibusque
723 2228 798 2289 datis
820 2229 931 2290 alterna
952 2240 1118 2305 gementes

289 2312 362 2392 lgne
383 2312 461 2374 feras
481 2313 657 2392 planctuque
679 2313 795 2391 luguen
816 2331 873 2373 nee
893 2312 1028 2374 dulcibus
1048 2320 1148 2380 astris

289 2398 393 2473 Victa,
415 2416 471 2457 nec
491 2396 608 2457 assiduo
631 2398 763 2459 coierunt
783 2397 889 2458 lumina
910 2397 988 2457 fletu.

352 2481 466 2542 Tertius
487 2481 630 2543 Auroram
651 2482 786 2562 pulsabat
803 2481 936 2558 Lucifer,
960 2490 990 2542 et
1012 2481 1074 2544 iam

287 2566 430 2627 blontibus
452 2565 562 2626 orbatis
582 2567 714 2628 lucorum
735 2567 846 2645 gloria,
867 2584 988 2643 magnae

289 2652 443 2712 Theumesi
464 2669 574 2710 venere
595 2650 711 2728 trabes,
736 2661 766 2713 et
788 2652 879 2714 amica
900 2649 1062 2712 Cithaeron

289 2736 369 2797 Silva
392 2738 487 2813 rogis余
508 2734 609 2796 ardent
628 2738 746 2797 excisae
768 2738 883 2798 viscera
903 2737 999 2814 gentis

286 2820 412 2881 blolibus
434 2821 605 2890 exstructis:
627 2839 762 2901 supremo
785 2840 903 2883 munere
924 2819 1055 2899 gaudent

287 2905 393 2984 Ogygii
412 2923 528 2975 manes余
551 2907 680 2984 queritur
699 2907 866 2967 miserabile
888 2905 1003 2967 Graium

287 2990 370 3050 Nuda
392 2989 498 3050 cohors
520 2991 697 3070 vetitumque
718 3009 840 3068 gemens
858 2990 1051 3052 circumvolat
1074 2996 1200 3074 ignem.

285 3075 402 3154 Accipit
422 3083 450 3136 et
471 3076 551 3137 saevi
571 3093 673 3135 manes
694 3075 827 3137 Eteoelis
846 3077 961 3156 iniquos

285 3158 510 3239 llaudquaquam
529 3160 641 3238 regalis
661 3161 771 3238 houos,
793 3161 920 3238 Argivus
940 3158 1044 3220 haberi

285 3244 389 3305 Frater
410 3246 504 3305 iussus
526 3244 620 3306 adhuc
640 3254 726 3325 atque
748 3245 834 3306 exule
857 3244 975 3327 pellitur
994 3246 1118 3314 umbra.

348 3329 386 3389 ht
404 3348 462 3389 non
484 3329 602 3409 plebeio
621 3329 732 3391 fumare
754 3330 916 3391 blenoecea
935 3330 1022 3390 busto

285 3413 351 3474 Rex
371 3416 488 3492 genitor
507 3413 686 3494 Thebaeque
708 3416 818 3491 sinunt,
840 3433 896 3476 nec
915 3413 1024 3475 robora
1046 3419 1152 3487 vilem

285 3500 457 3559 struxerunt
475 3498 512 3559 de
534 3517 616 3560 more
639 3517 756 3577 rogum3
779 3501 832 3562 sed
854 3499 978 3560 bellicus
999 3517 1104 3580 agger

285 3581 423 3642 Curribus
441 3592 469 3643 et
489 3583 592 3662 clipeis
607 3582 814 3664 Graiorumque
836 3584 967 3646 omnibus
984 3589 1076 3649 armis

284 3667 441 3737 sternitum
462 3667 586 3729 hostiles
608 3687 697 3748 super
717 3670 798 3750 ipse,
821 3679 852 3730 ut
872 3671 983 3749 victor,
1006 3689 1165 3761 acervos,

272 3750 409 3817 Facilem
429 3753 514 3818 lauro
537 3755 650 3821 crinem
666 3755 807 3836 vittisque
826 3754 953 3817 decorus
