3134 4434
532 447 535 455 '
616 464 793 513 srnvnnonr
812 467 845 515 n.
868 466 916 515 ru.

259 618 362 681 sanct
383 617 479 679 limina
502 619 690 698 Flarimnqne
710 621 837 692 culmem

260 704 317 764 Hic
336 722 446 781 segnes
463 705 564 784 populi
584 706 647 765 vias
665 716 803 780 gravatus

260 788 299 849 Et
321 791 434 868 campis
453 792 510 849 iter
526 807 611 850 omne
633 791 797 851 detinentes

257 874 380 950 Longos
403 875 502 934 eximit
525 875 647 935 ambitus
669 893 806 955 novoque

258 958 374 1018 iniectu
395 960 502 1019 solidat
525 974 633 1037 graves
655 979 770 1035 arenas,

259 1042 396 1104 Gaudens
416 1043 567 1104 Euboicae
589 1045 703 1105 domum
725 1045 856 1121 Sibyllae

258 1127 470 1206 Gauranosque
490 1131 569 1188 sinus
594 1138 624 1188 et
644 1138 809 1191 aestuantes

258 1213 386 1292 Septem·
402 1214 546 1273 montibus
567 1215 723 1274 admovere
745 1216 838 1275 Baias.

323 1297 378 1356 Hic
402 1300 545 1377 quondam
567 1301 653 1376 piger
672 1319 727 1359 axe
749 1311 852 1361 vectus
875 1321 931 1363 uno

257 1380 386 1443 Nntabat
409 1402 497 1443 cruce
521 1384 645 1462 pendula
667 1386 772 1459 viator,

259 1467 467 1547 sorbebatque
483 1477 564 1528 rotas
584 1469 710 1545 maligna
730 1468 829 1544 tellus,

258 1551 297 1611 Et
318 1552 406 1630 plebs
429 1555 458 1612 in
478 1554 579 1612 mediis
601 1552 700 1612 Latina
721 1556 831 1632 campis

256 1636 406 1696 Horrebat
427 1639 501 1698 111313
524 1639 726 1714 navigationis,
761 1662 763 1667 ·

257 1720 304 1780 Ne
328 1740 430 1798 cursus
453 1723 562 1800 agiles,
585 1722 639 1783 sed
662 1723 819 1802 inpeditum

256 1805 424 1867 Tardabant
446 1808 502 1867 iter
523 1808 636 1867 orbitae
657 1818 800 1885 tacentes,

255 1891 333 1951 Dum
356 1893 469 1971 pondus
491 1894 753 1972 nimium··querens
776 1894 830 1953 sub
852 1893 910 1954 alta

255 1975 349 2055 Repit
370 1977 504 2054 languida
527 1977 692 2057 quadrupes
716 1986 834 2039 statera.
945 2012 948 2017 ·

258 2061 298 2120 At
316 2079 402 2137 nunc,
424 2080 498 2140 quae
521 2061 644 2122 solidum
664 2064 741 2122 diem
760 2064 886 2139 terebat,

259 2144 401 2205 Horarum
422 2149 468 2206 via
487 2147 565 2207 facta
584 2148 632 2205 vix
652 2148 780 2206 duarum.

257 2229 325 2289 Non
346 2240 449 2291 tonsae
469 2232 621 2290 volucrum
643 2249 697 2309 per
719 2241 795 2292 astra
820 2251 943 2311 pennae,

256 2314 322 2375 Neo
344 2315 478 2375 velocius
500 2317 594 2390 ibitis,
619 2317 745 2376 carinae.

322 2399 377 2460 Hic
394 2403 502 2479 primus
526 2400 610 2460 labor
632 2401 772 2461 inchoare
791 2401 890 2461 sulcos

254 2485 296 2546 Et
317 2485 489 2546 rescindere
511 2487 616 2546 limites
637 2496 665 2545 et
686 2487 746 2546 alto

255 2570 371 2646 Egesto
394 2571 508 2649 penitus
528 2589 633 2631 cavare
653 2580 761 2639 terras;

255 2652 345 2731 Mox,
369 2655 486 2716 haustas
509 2656 593 2715 aliter
614 2657 733 2735 replere
755 2657 852 2716 fossas

256 2740 297 2800 Et
318 2758 429 2800 summo
451 2743 592 2818 gremium
615 2759 720 2819 parare
740 2742 839 2815 dorso,

255 2823 303 2884 Ne
326 2834 426 2884 nutent
447 2825 529 2901 sola,
552 2844 588 2884 ne
608 2826 733 2903 maligna
757 2826 846 2907 sedes

255 2909 296 2970 Et
316 2912 428 2988 pressis
448 2910 564 2970 dubium
587 2909 683 2969 cubile
704 2913 798 2977 saxis:

257 2994 341 3054 Tunc
359 2995 531 3054 umbonibus
553 2995 620 3054 hinc
642 3003 671 3053 et
690 2994 756 3053 hino
779 2996 891 3054 coactis

256 3079 297 3141 Et
318 3079 431 3139 crebris
451 3081 508 3139 iter
528 3079 650 3156 alligare
672 3079 815 3157 gomphis.
912 3141 915 3150 ,

323 3163 347 3223 Ο
370 3175 493 3243 quantae
516 3165 626 3243 pariter
647 3182 747 3223 manus
768 3163 916 3224 laborant!

254 3250 294 3311 Hi
316 3250 439 3310 caedunt
456 3267 555 3309 narnus
577 3258 743 3327 exuuntque
761 3258 887 3324 montes,

255 3335 293 3395 Hi
314 3334 394 3394 ferro
418 3334 559 3413 scopulos
580 3334 739 3412 trabesque
762 3334 895 3402 laeuant3

255 3419 303 3479 Illi
326 3437 396 3478 saxa
418 3420 508 3496 ligant
530 3437 663 3499 opusque
686 3428 788 3478 texunt

256 3502 353 3564 Gocto
376 3505 499 3583 pulvere
521 3503 830 3582 sordidoquetopho:

255 3588 293 3648 Hi
311 3591 422 3649 siccant
443 3588 558 3649 bibulas
579 3608 662 3649 manu
682 3589 802 3650 lacunas

255 3673 295 3734 Et
317 3673 406 3751 longe
426 3674 530 3735 fluvios
552 3684 640 3751 agunt
660 3675 797 3734 minores
873 3702 876 3709 ·

254 3758 319 3821 1133
340 3769 463 3839 possent
484 3769 514 3819 et
535 3759 633 3821 Athon
654 3776 765 3822 cavare
781 3760 906 3821 dextrae
928 3796 931 3803 ·
978 3786 992 3797 ··
