3134 4434
298 432 379 513 128,
638 453 670 501 r.
694 428 829 501 unsrun
851 451 968 503 suanm

299 610 420 671 'lantum
439 617 531 672 matre
550 607 598 669 via
620 615 676 669 est.
719 607 796 682 Quin
818 617 847 669 et
868 606 1023 670 metuenda
1043 607 1244 690 propinquant

297 695 446 773 Tempora
467 704 497 754 et
518 694 656 754 extremis
680 692 796 754 admota
817 692 950 771 perieula
966 694 1061 754 metis.

298 777 458 854 Cedamus,
478 777 652 856 paulumque
675 778 787 838 animos
807 776 943 838 submitte
954 778 1063 839 “uiriles

297 864 396 943 Atque
419 862 533 923 habitus
555 861 675 939 dignare
694 879 787 922 meos.
832 861 865 921 Si
881 859 972 935 Lydia
992 860 1064 922 dura
1250 870 1304 927 260

296 949 392 1010 Pensa
412 964 496 1006 mauu
517 945 683 1024 mollesque
705 946 770 1008 tulit
795 944 960 1021 Tirynthius
981 945 1091 1022 hastas,

299 1033 331 1095 Si
351 1032 438 1092 deeet
458 1038 557 1091 aurata
576 1029 722 1090 Baoobum
742 1031 868 1106 vestigia
890 1029 970 1107 palla

297 1117 444 1191 Vertere,
463 1115 613 1191 virgineos
636 1114 660 1172 si
680 1113 812 1192 luppiter
833 1111 922 1172 induit
941 1122 1031 1189 artus,

297 1201 362 1262 Nee
384 1217 518 1276 magnum
541 1197 666 1274 ambigui
687 1198 838 1275 fregerunt
859 1193 977 1257 Caenea
999 1215 1103 1258 sexus:

298 1284 358 1345 Has
380 1285 459 1360 sine,
484 1299 612 1361 quaeso,
633 1282 725 1341 minas
745 1298 908 1357 numenque
931 1282 1013 1342 exire
1032 1281 1198 1358 malignum.
1250 1291 1302 1347 265

298 1368 368 1430 blox
389 1369 492 1427 iterum
513 1382 650 1444 campos,
673 1367 776 1426 iterum
799 1363 971 1426 Centaurion
996 1365 1116 1427 reddam

237 1450 240 1457 ’
298 1453 400 1513 Lustra
418 1450 480 1511 tibi.
523 1450 580 1511 Per
600 1467 658 1527 ego
680 1450 738 1510 hoo
760 1449 852 1511 decue
876 1459 905 1509 et
925 1459 1047 1511 ventura
1067 1450 1203 1509 iuventae

299 1535 424 1611 Gaudia,
445 1537 470 1595 si
492 1544 586 1595 terras
607 1533 804 1614 humilemque
826 1535 1102 1612 expertamaritum

299 1619 341 1681 'Pe
364 1627 503 1699 propter,
524 1619 549 1679 si
570 1620 753 1697 progenitum
775 1619 885 1695 Stygos
907 1636 990 1678 amne
1013 1635 1119 1679 severo

269 1776 273 1781 Ι
297 1704 417 1764 Armavi
438 1712 647 1781 -totumque
669 1702 789 1763 utinam!
809 1734 851 1748 —a
872 1720 946 1781 cape
965 1712 1025 1762 tuta
1047 1720 1205 1781 parumper
1249 1710 1303 1766 2⁷0

299 1788 454 1865 Tegmina,
477 1787 517 1846 nil
535 1789 667 1847 nocitura
689 1788 794 1847 animo.
837 1784 895 1847 Cur
918 1804 970 1847 ora
993 1783 1133 1847 reduois‘i

299 1871 413 1946 Quidve
436 1880 537 1950 parant
563 1868 661 1931 oculi?
701 1871 796 1932 Pudet
814 1871 873 1931 boe
892 1873 1048 1931 mitescere
1071 1867 1171 1930 cultu?

297 1957 354 2017 Per
376 1964 423 2031 te,
446 1973 514 2014 oare
536 1973 625 2033 puer,
648 1965 773 2033 cognata
792 1972 847 2033 per
869 1973 996 2033 aequora
1015 1956 1091 2030 iuro,

278 2082 280 2087 -
297 2039 420 2100 Nesciet
440 2038 498 2099 hon
521 2037 653 2099 Chiron!
697 2041 747 2101 Sie
768 2039 886 2100 horrida
907 2048 1031 2118 pectora
1052 2048 1157 2100 tractat

297 2123 498 2202 Nequioquam
519 2124 659 2184 muleens.
704 2122 808 2184 Obstat
828 2125 1004 2201 genitorque
1025 2123 1140 2200 roganti
1249 2131 1302 2187 275

296 2207 486 2287 Nutritorque
505 2210 608 2285 ingens
630 2217 659 2267 et
679 2207 767 2267 cruda
789 2208 910 2269 exordia
931 2225 1053 2284 magnae

297 2291 417 2355 indolis.
452 2291 590 2353 Ellrenae
613 2292 748 2352 tumidum
769 2291 851 2351 velut
871 2293 940 2368 igue
957 2293 1090 2353 iuventae

298 2377 330 2436 Si
353 2377 417 2455 quie
440 2393 545 2454 equum
563 2377 663 2455 primis
684 2375 853 2436 submittere
876 2384 997 2453 temptet
1019 2375 1152 2450 habenis,

297 2460 353 2520 Ille
375 2459 423 2518 diu
446 2461 555 2538 eampis
578 2460 733 2539 lluviisque
755 2469 785 2520 et
805 2460 918 2520 bonore
938 2459 1068 2538 superbo

298 2542 437 2619 Gavisus,
458 2561 516 2603 non
538 2544 616 2604 oolla
638 2544 725 2619 iugo,
748 2560 807 2603 non
829 2562 934 2622 aspera
950 2543 1077 2622 praebet
1248 2551 1301 2604 280

299 2624 358 2686 Ora
380 2627 472 2704 lupis,
492 2627 658 2704 dominique
677 2628 767 2702 gemit
789 2629 932 2706 captivus.
944 2629 1017 2687 inite
1053 2678 1058 2691 .

296 2709 423 2789 Imperia
445 2719 532 2789 atque
552 2711 627 2771 alios
647 2711 766 2771 miratur
790 2711 1041 2773 discere-oureus.

362 2794 433 2868 Quis
455 2795 526 2855 deus
546 2796 684 2855 attonitae
705 2794 824 2855 fraudes
846 2805 997 2873 astumque
1020 2795 1133 2873 parenti

298 2876 449 2939 Contulit?
470 2878 631 2941 ludooilem
651 2896 726 2956 quae
744 2896 830 2939 mens.
847 2880 973 2941 detraxit
992 2875 1157 2939 dobillem‘l

296 2962 406 3022 Palladi
427 2963 552 3024 litoreae
573 2962 876 3039 celebrabatsoyros
894 2963 1035 3027 bonorum
1065 3002 1068 3007 -
1115 3006 1117 3013 .
1249 2971 1325 3029 285·

296 3045 385 3106 Forte
407 3048 499 3126 diem,
523 3048 699 3128 placidoque
722 3048 990 3123 sataelqoonede
1013 3063 1133 3109 sorores

296 3128 374 3197 nom
398 3149 482 3191 saera
504 3133 625 3211 patriis,
649 3148 726 3209 quae
743 3150 813 3193 uara
835 3132 970 3209 lieentia,
983 3132 1094 3201 ,mnis

296 3211 437 3274 Exierant
457 3215 527 3275 dare
546 3217 626 3277 veris
647 3232 726 3293 opes·
741 3216 892 3295 divaeque.
906 3232 1028 3283 severas
1108 3266 1111 3277 .
1204 3256 1219 3263 --

295 3296 412 3358 Fronde
434 3300 527 3376 ligare
550 3317 648 3359 eomas
670 3309 700 3358 et
722 3318 872 3378 spargere
882 3301 1011 3369 duribus
1030 3301 1151 3361 hastam
1172 3328 1220 3359 κε

296 3379 434 3441 Omnibus
453 3384 587 3443 eximium
611 3382 722 3445 formae
744 3384 869 3460 denua,
878 3385 1013 3456 omnibus
1028 3385 1109 3451 idem
1162 3414 1176 3429 ·-
1223 3393 1301 3451 abo
1314 3406 1330 3445 ·.

296 3462 397 3525 Cultus
421 3477 450 3526 et
473 3467 593 3544 expleto
616 3470 714 3527 teneri
726 3469 785 3529 iam
807 3469 872 3533 line
887 3470 1007 3548 pudoris
1323 3492 1326 3497 ·

294 3547 452 3626 Virginitas
475 3560 585 3611 matura
606 3553 678 3611 toris
701 3555 824 3630 annique
847 3562 1038 3625 tumentes·
1147 3602 1151 3609 .
1202 3594 1206 3605 .
1242 3594 1246 3601 -

359 3633 417 3694 Sed
441 3644 589 3714 quantum
596 3637 705 3699 virides
727 3637 835 3715 pelagi.
847 3636 953 3707 Venus.
970 3600 1070 3697 addita
1088 3635 1330 3718 nymphas

283 3715 410 3796 ,Obruit‚
434 3728 482 3779 aut
503 3719 630 3781 humeris
654 3729 788 3800 quantum
807 3720 898 3809 Diana
916 3714 1124 3800 relinquit
