3134 4434
583 461 783 512 rnuumoos
801 462 873 511 ιιιι.
897 460 944 510 1v.
1219 447 1259 511 89

268 619 421 689 Gentibus;
444 619 609 680 arcitenens
630 630 683 680 seu
703 628 733 679 te
750 618 868 679 Latonia
889 626 971 678 casto

266 707 313 767 De
335 723 427 784 grege
449 706 606 765 transmisit
625 703 774 780 thalamis,
797 721 849 764 seu
869 703 978 782 lapsus
991 702 1027 763 ab
1047 706 1133 765 astris
1209 713 1261 770 tto

267 789 333 850 Nou
350 790 462 850 humilis
486 789 642 851 foecundat
665 805 762 865 arnor,
785 788 975 868 nequeenim
997 789 1061 868 ipse
1080 790 1200 853 deorum

266 874 402 952 Arbiter,
421 873 593 950 Argolidum
612 873 744 934 thalamis
766 890 875 950 novus,
898 873 1019 950 adspice
1037 883 1150 935 moesta

266 959 398 1038 Agmina.
437 957 499 1018 Nos
520 959 599 1019 ferro
619 958 737 1018 meritas
760 958 917 1018 excindere
939 956 1057 1018 Thebas

267 1043 351 1105 biens
372 1043 451 1119 tulit,
473 1043 574 1104 inbelli
597 1044 650 1104 sed
670 1059 746 1103 nunc
765 1044 827 1104 sitis
848 1042 931 1103 anxia
953 1042 1013 1102 lato

268 1127 473 1227 submittitque
495 1130 604 1189 animos
627 1137 656 1188 et
677 1128 779 1188 inertia
802 1126 910 1188 robora
933 1127 1034 1207 carpit.
1209 1136 1261 1194 755

266 1212 312 1273 Da
334 1213 450 1273 fessis
442 1231 471 1272 m
490 1205 579 1273 rebus
600 1229 703 1292 opem,
723 1231 776 1272 seu
798 1210 928 1273 turbidus
954 1213 1054 1289 amnis,

267 1299 328 1358 Seu
348 1297 400 1359 tibi
421 1297 508 1358 laeda
528 1297 626 1377 palum
649 1297 719 1357 nihil
739 1296 826 1358 hau
817 1316 845 1357 ιιι
867 1304 948 1357 sorte
971 1295 1145 1396 pudendum,

265 1381 315 1442 Nil
337 1381 443 1442 humile
466 1391 526 1451 est;
550 1390 579 1442 tu
601 1400 675 1442 nune
695 1383 791 1442 ventis
810 1381 969 1461 pluvioque
990 1383 1104 1461 rogaris

266 1467 323 1526 Pro
345 1465 431 1543 love,
450 1475 480 1526 tu
499 1466 617 1553 refugas
638 1467 717 1526 uires
738 1475 767 1527 et
787 1474 909 1546 pectora
930 1465 1011 1526 bello

266 1550 434 1611 Exanimem
456 1529 555 1631 reple.
580 1552 622 1610 sic
641 1549 698 1612 hoc
719 1550 770 1612 tibi
792 1550 889 1611 sidere
914 1551 1017 1611 dextro
1208 1562 1262 1619 760

269 1633 392 1696 Crescat
411 1652 492 1696 onus.
535 1635 657 1696 'lantum
677 1635 804 1697 reduces
828 1635 878 1697 det
897 1635 1018 1696 llectere
1039 1653 1159 1714 gressus

266 1721 413 1800 luppiter,
434 1739 452 1782 ο
474 1730 577 1799 quanta
596 1720 667 1781 belli
688 1720 836 1782 donabere
858 1719 981 1800 praeda!

267 1804 412 1866 Dircaeus
433 1805 501 1882 tibi,
521 1805 607 1882 diva,
630 1823 741 1884 greges
763 1822 968 1885 numerumque
990 1804 1149 1884 rependam

267 1889 383 1966 Plebis,
407 1898 437 1949 et
458 1889 505 1951 hic
526 1907 629 1967 magna
651 1890 734 1950 lucus
754 1890 913 1969 signabitur
931 1893 1004 1951 ara.2

333 1973 427 2053 Dixit,
449 1983 479 2035 et
500 1977 608 2035 orantis
632 1975 726 2035 media
744 1975 820 2035 inter
839 1973 983 2035 anhelitus
1005 1973 1110 2035 ardens
1210 1982 1262 2040 765

266 2057 368 2120 Verba
386 2060 475 2139 rapit,
496 2077 640 2137 cursuque
662 2060 772 2120 animae
792 2059 870 2120 labat
889 2057 968 2119 arida
990 2059 1096 2136 lingua.

266 2143 347 2205 ldem
369 2161 469 2204 omnes
489 2143 642 2223 pallorque
663 2145 743 2204 viros
765 2144 908 2224 datusque
931 2143 1018 2203 soluti

270 2226 336 2288 Oris
358 2227 459 2297 habet;
482 2227 577 2289 reddit
597 2228 723 2287 demisso
741 2225 858 2288 Lemnia
880 2227 975 2288 uultu.

333 2312 424 2374 Diva
447 2312 563 2393 quidem
579 2311 680 2389 vobis,
702 2321 732 2373 et
753 2313 778 2372 si
801 2312 941 2373 coelestis
962 2312 1046 2390 origo
1069 2322 1125 2391 est,

267 2397 350 2460 Unde
373 2394 451 2476 ego?
470 2397 609 2459 mortales
630 2398 735 2458 utinam
753 2395 829 2458 haud
848 2406 1031 2475 mansgressa
1049 2397 1168 2461 fuissem
1212 2407 1264 2464 770

267 2483 419 2544 Luctibus!
465 2482 607 2544 hltricem
623 2480 747 2584 mandati
769 2483 887 2543 cernitis
908 2482 1008 2544 orbam

238 2568 416 2713 Qis:
439 2575 478 2628 at
487 2560 648 2629 hbit'irs
615 2556 689 2628 anm
674 2558 738 2648 quis
730 2555 1007 2648 sinisterque
1028 2567 1098 2669 ulla,

291 2671 316 2714 cr
372 2670 439 2730 eus,
463 2661 493 2713 et
514 2652 600 2713 nobis
620 2671 742 2731 regnum
762 2660 859 2714 tamen
878 2661 907 2713 et
926 2662 1011 2733 pater
1031 2655 1144 2731 iugens.

269 2736 329 2798 Sed
351 2737 418 2816 quid
442 2754 499 2814 ego
517 2735 614 2798 haec?
636 2739 793 2817 lassosque
815 2739 922 2817 optatis
944 2739 1081 2800 demoror
1101 2734 1206 2800 undis?

267 2821 382 2881 lllecum
402 2837 458 2897 age
475 2839 568 2896 nuuc,
589 2822 614 2880 si
635 2820 712 2882 forte
733 2822 809 2882 rado
828 2821 935 2900 Langia
954 2840 1101 2902 perennes
1211 2828 1262 2887 775

268 2906 374 2965 Servat
391 2922 494 2984 aquas;
513 2904 590 2964 solet
609 2913 640 2964 et
658 2904 751 2984 rapidi
773 2903 826 2965 sub
850 2904 940 2966 limite
962 2907 1060 2966 cancri

268 2987 409 3069 Semper,
433 2996 463 3048 et
482 2987 567 3048 lcarii
589 2990 718 3067 quamvis
738 2987 806 3048 iuba
826 2988 957 3068 fulgeret
976 2990 1056 3067 astri,
1095 3019 1096 3023 ¹

267 3073 315 3134 lrc
337 3075 454 3135 tamem'
495 3072 585 3133 Simul
604 3073 786 3149 haerentem,
808 3089 845 3133 ne
866 3072 947 3134 tarda
968 3073 1101 3152 Pelasgis

268 3158 335 3258 Dux
357 3159 452 3235 foret,
476 3157 513 3219 ah
534 3158 670 3219 miserum
687 3158 784 3218 vicino
804 3174 855 3218 ces
877 3159 917 3218 ite
940 3157 1094 3237 alumnum,
1182 3165 1189 3181 '

268 3327 403 3389 Floribus
426 3329 573 3407 aggestis,
598 3335 626 3388 et
648 3328 742 3388 amico
763 3345 907 3387 murmure
929 3326 1031 3389 dulces

269 3413 387 3474 Solatur
406 3414 555 3475 lacrimas:
577 3411 671 3491 qualis
690 3411 885 3489 Berecynthia
906 3422 1008 3491 mater,

268 3497 343 3558 Dum
365 3499 443 3559 eirca
462 3514 580 3578 parvum
601 3495 681 3558 iubet
702 3497 834 3558 exultare
858 3496 1017 3559 Tonantem
1107 3556 1109 3560 .

270 3581 393 3644 Curetas
414 3583 561 3662 trepidos;
586 3582 629 3644 illi
653 3583 793 3643 certantia
811 3581 952 3662 plaudunt

270 3665 375 3746 Orgia,
397 3666 449 3727 sed
466 3668 577 3744 magnis
598 3675 717 3727 resonat
736 3666 882 3745 vagitibus
903 3665 964 3728 lde.
1214 3675 1264 3732 785

332 3751 371 3812 At
393 3769 467 3832 puer
488 3754 516 3812 in
535 3753 648 3831 gremio
667 3746 774 3816 u'ernae
795 3752 910 3814 telluris
931 3760 964 3814 et
978 3749 1045 3813 alto
