3134 4434
322 446 360 507 12
626 442 631 449 '
662 457 694 504 P.
710 456 844 505 seusun
860 446 975 533 sunum

263 626 269 643 ‘
320 615 358 675 Et
379 615 497 692 generis
520 612 653 693 certabat¹
672 611 783 689 honos,
805 611 911 673 tellure
935 606 1086 675 cadentem

319 700 434 778 Excepi
456 699 573 774 fovique
596 699 676 765 slnu;
695 715 752 756 nec
772 696 850 757 colla
872 715 1023 777 genasque
1247 711 1323 772 ,110

321 783 446 844 Comere
467 800 524 842 nec
545 782 644 860 pingui
666 783 775 840 crinem
797 781 946 842 deducere
969 799 1089 842 amomo*

321 868 457 929 Gessavit
479 885 564 942 mea,
585 875 668 941 nete,
691 884 801 926 manus.
845 865 914 926 Mihi
934 866 1028 928 duleis
1049 867 1145 944 imago

320 953 466 1013 Prosiluit.
508 949 614 1010 Celsae
635 950 739 1029 procul
759 951 879 1028 adspice
900 950 1003 1011 frontis
1025 947 1167 1013 honorem

321 1040 558 1113 Suggestumque
578 1050 689 1094 comae.
731 1033 827 1096 Latias
850 1036 971 1110 metire,
994 1035 1062 1113 quid
1082 1036 1157 1096 ultra

320 1121 454 1181 Emineat
473 1128 595 1186 matres:
620 1128 755 1197 quantum
776 1119 897 1179 Latonia
916 1119 1056 1198 nymphas
1152 1132 1174 1145 ‘·
1273 1132 1323 1185 115

320 1207 412 1282 Virgo
432 1198 551 1282 premit‘,
576 1212 769 1280 quantumque
790 1213 908 1280 egomet
930 1203 1073 1265 Nereidas
1095 1213 1174 1265 exto.

320 1290 401 1353 llaec
423 1298 453 1348 et
475 1288 620 1349 caeruleis
642 1305 756 1348 mecum
777 1304 958 1364 consurgere
981 1288 1068 1365 digna

321 1373 470 1436 Fluctibus
494 1380 523 1431 et
543 1381 643 1445 nostra
666 1373 760 1450 potuit
782 1372 937 1433 considere
961 1372 1089 1441 concha;

321 1458 359 1518 Et
382 1458 406 1517 si
429 1457 613 1517 flammiferas
633 1457 778 1535 potuisset
797 1455 940 1517 scandere
962 1457 1051 1518 sedes

257 1600 259 1605 .
320 1542 439 1619 Hesque
462 1543 568 1601 intrare
588 1540 706 1617 domos,
730 1542 786 1619 ipsi
806 1543 959 1618 erraretis,
983 1541 1126 1602 Amores:
1272 1548 1324 1607 sao

266 1698 271 1709 ,
320 1625 395 1686 Huic
417 1626 546 1704 quamvis
569 1643 675 1685 census
698 1624 828 1689 dederim
851 1625 955 1703 largite
971 1625 1091 1702 heatus,

320 1711 419 1770 Vincit
438 1728 512 1789 opes
534 1711 639 1770 animo.
681 1708 835 1782 Querimur
855 1710 911 1771 iarn
932 1711 1021 1771 Seras
1044 1728 1149 1771 avaros

320 1795 481 1872 Angustum
504 1795 649 1874 spoliasse
668 1812 769 1853 nemus
792 1792 1009 1873 Clymeneaque
1031 1794 1139 1855 deesse

322 1880 456 1940 Germina
476 1897 533 1938 nec
554 1879 662 1939 virides
686 1880 755 1939 satis
776 1878 951 1939 illacrimarc
972 1891 1120 1952 sorores3·

320 1964 443 2024 Vellera
463 1964 583 2023 Sidonio
603 1964 659 2023 iam
680 1981 773 2041 pauca
793 1962 955 2024 rubescere
977 1963 1046 2025 taho
1226 2024 1229 2030 ,
1276 1976 1325 2029 mo

321 2048 457 2126 Raraque
479 2047 632 2124 longaevis
649 2047 763 2107 nivibus
786 2048 925 2121 crystalla
945 2049 1050 2125 gelari.
1167 2062 1170 2067 '

321 2133 394 2192 Huic
415 2132 551 2192 Hermum
569 2132 709 2210 lulvoque
733 2131 843 2208 Tagum
866 2133 1032 2195 decurrere
1047 2133 1127 2207 limo,

258 2246 261 2251 ·
321 2251 364 2264 —
380 2216 443 2277 Nec
462 2218 533 2278 satis
554 2217 589 2277 ad
612 2217 706 2277 cultus
728 2249 771 2263 ἢ
789 2216 857 2277 huic
878 2216 948 2277 lnda
965 2218 1082 2279 monilia
1102 2217 1241 2278 Glaucum

322 2302 486 2380 Proteaque
509 2310 594 2379 atque
618 2319 731 2362 omnem
752 2301 880 2362 Nereida
903 2303 1144 2379 quaerereiussi.

321 2385 402 2446 Hanc
425 2389 448 2445 si
473 2386 662 2446 Thessalicos
683 2387 827 2461 vidisses,
849 2386 985 2463 Phoebe,
1009 2404 1063 2466 per
1085 2394 1184 2463 agros,
1275 2396 1328 2451 leo

321 2470 443 2530 Erraret
464 2470 586 2547 Daphne
609 2486 722 2530 secura.
760 2469 793 2529 ln
812 2470 898 2531 litore
917 2470 992 2531 Naxi
1227 2470 1229 2477 ’

322 2554 467 2614 Theseum
486 2555 564 2614 iuxta
586 2554 664 2614 ioret
682 2554 937 2633 haecconspecta
954 2555 1062 2629 cubile,

322 2637 448 2698 Gnosida
471 2639 617 2698 desertam
638 2638 781 2717 profugus
804 2639 939 2717 liquisset
959 2649 989 2699 et
1011 2638 1103 2699 Euan.
1204 2668 1206 2673 ·

322 2723 482 2796 Quodnisi
502 2741 549 2783 me
568 2723 663 2800 longis
685 2725 835 2802 placasset
855 2723 925 2783 luno
947 2723 1088 2802 querelis,

321 2805 423 2867 Falsas
444 2807 511 2868 huic
532 2825 642 2886 pennas
665 2817 695 2869 et
717 2826 826 2868 cornua
848 2817 977 2868 sumeret
996 2807 1116 2873 aethrae
1275 2818 1326 2873 135

322 2892 449 2968 Rector,
469 2893 497 2951 in
517 2892 592 2952 hanc
612 2909 685 2952 vero
706 2893 864 2955 cecidisset
878 2893 1013 2971 Juppiter
1033 2908 1113 2952 auro.

321 2977 381 3037 Sed
404 2977 517 3037 debitur
539 2977 651 3054 iuveni,
676 2979 722 3036 cui
743 2986 791 3054 tu,
813 2995 877 3037 mea
900 2995 1008 3038 summa
1031 2985 1174 3054 potestas,

320 3060 412 3136 Nate,
436 3063 536 3140 cupis,
560 3060 677 3122 thalami
699 3063 829 3140 quamvis
849 3063 916 3138 iuga
936 3062 1016 3121 lerrc
1038 3061 1160 3121 secundi
1184 3068 1193 3081 ⁴

321 3147 420 3224 Saepe
442 3154 532 3222 neget
553 3163 700 3205 moerens.
745 3145 842 3224 Ipsam
861 3147 917 3206 iam
939 3145 1047 3206 cedere
1071 3147 1150 3205 sensi

320 3229 410 3307 Inque
431 3230 526 3288 vicem
548 3230 678 3307 tepuisse
699 3231 793 3289 viro!
834 3230 884 3291 Sic
903 3230 961 3290 fata
982 3230 1092 3290 levavit
1277 3239 1329 3294 140

322 3315 462 3374 Sidereos
487 3323 564 3373 artus
582 3313 758 3391 thalamique
781 3332 905 3392 egressa
927 3314 1084 3394 superbum

266 3390 270 3399 ’
321 3397 420 3457 Limen
441 3397 620 3471 Amyclaeos
643 3397 679 3457 ad
698 3397 780 3458 irena
803 3401 901 3460 citavit
923 3399 1034 3459 olores.

320 3482 415 3559 lungit
439 3482 530 3541 Amor
552 3482 717 3560 laetamque
736 3483 846 3543 vehens
867 3502 922 3561 per
942 3484 1041 3544 nubila
1064 3492 1185 3545 matrem

322 3566 471 3627 Gemmato
493 3575 609 3627 temone
634 3567 727 3627 sedet.
768 3567 829 3627 lans
851 3566 977 3628 'libridis
998 3586 1084 3629 arces

321 3651 445 3721 Iliacee3
469 3652 568 3730 pendit
589 3651 694 3711 nitidos
717 3651 819 3712 domus
842 3652 900 3712 alta
923 3661 1056 3731 penates,
1278 3661 1328 3716 145

321 3734 466 3815 Glaraque
487 3737 648 3815 gaudentes
670 3735 841 3816 plauserunt
862 3736 959 3798 limina
978 3737 1073 3816 cygni.
