3134 4434
574 470 774 520 THEBAIDOS
794 473 863 520 LIB.
883 472 929 519 1v.
1219 461 1255 520 71

257 628 392 691 ludurata
415 628 461 689 diu
485 663 527 674 -
546 645 605 688 non
623 646 696 688 unus
717 645 840 706 namque
862 625 995 707 maniplis
1223 639 1258 694 65

255 714 339 790 utos,
358 731 456 792 neque
471 713 588 790 sanguis
607 713 683 773 inest
698 745 755 789 -·,
772 720 884 774 teretes
902 731 971 792 pars
985 719 1106 773 vertere
1120 711 1223 776 fundas

255 799 376 858 Assueti
399 815 553 876 vacuoque
575 797 651 858 diem
674 797 868 876 praecingere
889 814 976 874 gyro.
1034 832 1040 843 ·

256 884 326 963 Ipse
345 882 427 944 anuis
450 883 636 962 sceptrisque
660 881 736 942 subit
756 881 934 942 venerabilis
956 898 1061 960 aeque.

319 966 358 1028 Ut
380 984 519 1047 possessa
538 965 585 1026 diu
604 976 702 1027 taurus
723 976 801 1027 meat
822 964 927 1028 arduus
947 967 1022 1027 inter
1164 1017 1165 1020 ,

255 1054 385 1128 Pascua,
405 1053 461 1112 iam
485 1051 551 1111 lana
572 1052 690 1112 cervice
712 1059 742 1111 et
763 1051 894 1112 inanibus
917 1051 1014 1128 armis,
1078 1058 1081 1065 “
1223 1059 1258 1114 70

257 1138 326 1196 Dux
348 1145 457 1205 tamen;
480 1134 557 1197 haud
575 1137 655 1197 illum
676 1134 758 1196 bello
779 1145 953 1217 attemptare
973 1134 1103 1195 iuvencis

257 1224 331 1282 Sunt
352 1222 455 1297 animi,
479 1239 544 1282 nam
565 1230 667 1281 trunca
685 1220 785 1281 vident
806 1221 844 1282 de
868 1220 989 1281 vulnere
1009 1219 1100 1279 multo

257 1305 375 1367 Cornua
395 1315 425 1366 et
444 1307 580 1384 ingentes
599 1306 750 1386 plagarum
772 1306 802 1364 in
822 1315 945 1386 pectore
965 1304 1069 1365 nodos.

319 1390 453 1451 Proxima
473 1390 620 1469 longaevo
641 1390 755 1470 prolert
771 1389 915 1473 Dircaeps
935 1389 1063 1450 Adrasto
1136 1412 1138 1417 ’

257 1476 349 1553 Signa
367 1492 477 1554 gener,
496 1477 542 1536 cui
565 1474 777 1552 hebetarent,
801 1476 846 1535 cui
868 1474 1031 1535 commodat
1051 1473 1117 1534 iras.
1224 1481 1258 1536 ⁷5

259 1558 371 1620 Cuncta
393 1560 516 1629 cohors;
538 1559 606 1620 huic
628 1569 658 1620 et
682 1559 775 1638 patria
797 1560 834 1620 de
856 1560 929 1621 sede
951 1558 1096 1619 volentes·

255 1644 416 1705 Advenere
439 1645 509 1721 viri,
532 1663 585 1705 seu
607 1662 681 1724 quos
704 1653 802 1705 movet
825 1644 910 1721 exul,
933 1653 962 1705 et
982 1643 1078 1703 haesit

258 1729 403 1789 Tristibus
426 1738 510 1790 aucta
531 1729 622 1807 tides,
645 1748 698 1789 seu
720 1729 786 1810 quis
807 1738 918 1790 mutare
943 1735 1080 1809 potentes

257 1815 467 1892 Praecipuum,
488 1814 586 1892 multi,
607 1814 711 1875 melior
730 1831 804 1894 quos
827 1832 915 1875 causa
934 1812 1067 1893 querenti

259 1897 415 1959 Conciliat.
447 1898 578 1960 Dederat
594 1918 650 1960 nec
668 1916 726 1960 non
747 1917 836 1959 socer
857 1900 922 1979 ipse
943 1897 1089 1976 regendas
1222 1905 1258 1961 80

257 1983 376 2062 Aegion
394 1983 588 2063 Arenenque,
611 1993 640 2045 et
660 2002 733 2063 quas
754 1983 880 2044 Theseia
897 1982 1032 2044 Troezen

257 2067 460 2148 Miltopes,
482 2087 519 2128 ue
541 2086 607 2130 rara
628 2085 749 2129 movens
773 2068 913 2147 inglorius
935 2069 991 2129 iret

260 2151 402 2231 Agmina,
425 2171 482 2212 neu
503 2162 604 2232 raptos
626 2156 738 2232 patriae
762 2153 886 2213 sentiret
903 2152 1042 2213 honores.

323 2235 403 2299 ldem
413 2236 545 2313 habitus,
563 2237 667 2298 eadem
680 2255 758 2298 arma
772 2239 854 2314 viro,
874 2255 948 2317 quae
965 2237 1080 2299 debitus
1094 2238 1206 2320 hospes

258 2320 387 2383 Hiberna
410 2320 464 2381 sub
486 2329 574 2382 nocte
596 2322 669 2383 tulit.
714 2321 906 2383 Theumesius
926 2322 1017 2402 inplet
1069 2347 1072 2355 ·
1222 2333 1258 2388 85

258 2407 358 2484 Terga
379 2406 445 2482 leo,
468 2407 584 2485 gemino
605 2406 702 2477 lucent
723 2407 838 2468 hastilia
856 2406 948 2484 ferro,
1208 2414 1211 2421 '

258 2492 376 2571 Aspera
398 2491 534 2553 vulnifico
557 2491 659 2553 subter
679 2493 755 2554 latus
777 2511 849 2553 ense
869 2493 946 2572 riget
965 2492 1086 2574 Sphinx.

256 2576 318 2638 Iam
339 2595 461 2655 regnum
480 2578 637 2657 matrisque
658 2579 737 2638 sinus
756 2577 888 2658 fidasque
911 2595 1030 2640 sorores

259 2663 321 2740 Spe
338 2663 474 2740 votisque
496 2671 595 2739 tenet,
616 2672 711 2723 tamen
730 2672 759 2724 et
781 2661 818 2723 de
837 2671 916 2724 turre
938 2681 1072 2744 suprema

258 2745 418 2807 Attonitam
438 2756 562 2826 totoque
583 2757 729 2808 extantem
752 2764 879 2827 corpore
896 2747 985 2826 longe
1225 2758 1260 2812 90

258 2829 393 2908 Respicit
413 2829 537 2908 Argian:
558 2830 633 2891 haec
650 2840 775 2891 mentem
798 2831 960 2911 oculosque
981 2831 1094 2893 reducit

261 2912 402 2990 Coniugis
426 2922 455 2973 et
478 2913 580 2974 dulces
601 2916 707 2975 avertit
730 2924 853 2993 pectore
872 2914 998 2976 Thebas.

325 2996 406 3057 Ecce
426 2998 501 3057 inter
521 2997 633 3058 medios
654 2998 765 3077 patriae
785 2999 844 3058 ciet
865 3000 976 3078 agmina
998 2999 1095 3078 gentis

259 3081 426 3143 Fulmineus
448 3082 580 3159 Tydeum
604 3083 658 3143 iam
679 3082 774 3144 laetus
793 3091 823 3143 et
843 3083 958 3160 integer
978 3093 1068 3161 artus,

260 3167 298 3228 Ut
320 3167 442 3247 primum
461 3176 615 3247 strepuere
637 3166 744 3245 tubae,
766 3186 822 3228 ceu
843 3167 971 3229 lubricus
990 3169 1048 3231 alta
1222 3178 1258 3234 95

259 3252 371 3330 Anguis
394 3252 480 3312 humo
502 3252 585 3312 verni
607 3251 712 3314 blanda
735 3252 772 3313 ad
793 3253 948 3331 spiramina
970 3254 1042 3316 solis
1203 3260 1207 3267 '

259 3337 389 3416 Erigitur
409 3337 485 3398 liber
504 3338 605 3414 senio,
629 3346 658 3399 et
680 3337 881 3417 squalentibus
901 3339 983 3399 annis

259 3421 371 3482 Exutus
394 3422 539 3502 laetisque
557 3423 653 3483 minan
672 3423 823 3483 interviret
841 3423 951 3483 herbis.

259 3506 307 3566 Ah
326 3507 427 3566 miser!
449 3516 596 3585 agrestum
620 3509 645 3567 si
667 3509 731 3587 quis
753 3525 808 3587 per
829 3525 949 3586 gramen
969 3507 1057 3570 hianti

260 3589 370 3650 Obvius
394 3600 424 3651 et
443 3593 536 3671 primo
559 3593 718 3653 siccaverit
739 3610 789 3653 ora
809 3610 934 3653 veneno.
1205 3603 1257 3656 100

322 3675 393 3736 Huic
416 3694 532 3756 quoque
553 3686 737 3756 praestantes
762 3675 878 3737 Aetolis
896 3676 1016 3738 urbibus
1033 3676 1120 3737 affere

258 3759 333 3821 Belli
355 3760 430 3822 lama
449 3763 546 3833 viros;
568 3760 658 3823 sensit
676 3761 837 3843 scopulosa
856 3761 969 3840 queue
