3134 4434
431 359 447 449 p
468 386 501 436 ⁵3
534 339 937 461 Funazdi‘wop‘,pm„

559 500 759 550 uuuamuos
770 452 846 549 rum.
864 501 913 550 rx.
1190 491 1250 553 203

319 657 396 717 lamd
417 657 481 718 dum
499 656 575 716 hrono
597 667 697 717 contra
722 658 846 718 stimulis
867 658 1049 736 gravioribus
1072 660 1155 721 ardet

256 742 334 802 Trux
351 668 566 886 AtQantiades,
589 741 712 801 necdum
729 742 781 803 ille
803 744 970 821 quieverat,
994 744 1070 803 iniit:

257 830 347 888 ‘Sera
369 835 399 886 et
428 845 455 885 m
475 828 503 885 in
524 824 654 902 Thebas,
677 843 796 912 quarum
814 827 861 887 hic
884 828 1047 904 exercitus,
1068 847 1146 891 arma
1199 839 1251 895 tao

255 913 393 976 Proiero;
416 912 545 990 quisnam
567 911 641 971 adeo
662 929 753 990 puer,
776 921 807 972 ut
829 911 943 972 bellare
963 921 1083 972 mansei

256 993 395 1057 Talibus?
417 994 562 1056 Arcadiae
584 997 703 1074 stirpem
726 1005 756 1057 et
776 996 840 1056 fera
864 996 972 1056 semina
995 998 1101 1074 gentis,
1207 1036 1211 1044 ·

254 1081 320 1141 Non
338 1078 475 1140 Thebana
495 1080 593 1148 vidcs;
613 1097 670 1140 non
692 1098 738 1139 me
762 1080 926 1141 subsnocte
947 1080 1044 1142 silenti

252 1165 349 1241 Thyas
372 1164 514 1225 Echionio
535 1166 670 1241 genetrix
691 1165 826 1226 famulata
847 1164 946 1242 Lyaeo

254 1250 367 1319 Edidit,
387 1249 461 1309 haud
480 1267 613 1327 umquam
634 1249 780 1310 deformes
801 1252 914 1310 vertice
935 1250 1034 1310 mitras
1200 1261 1251 1317 795

253 1335 397 1397 induimus
416 1335 551 1412 turpique
572 1351 656 1393 manu
675 1335 843 1394 iactavimus
864 1334 983 1394 hastam.

254 1420 386 1480 Protinus
407 1418 562 1479 adstrictos
579 1417 666 1478 didici
687 1428 806 1497 reptare
829 1436 884 1497 per
903 1436 1004 1478 amnes

255 1502 481 1581 Horrendasque
503 1503 606 1562 domos
627 1520 793 1580 magnarum
811 1504 918 1563 intrare
942 1503 1077 1579 ferarum,

253 1588 293 1648 Et
314 1587 382 1666 quid
403 1587 486 1666 plura
507 1584 631 1666 loquar?
652 1621 694 1633 -
713 1587 821 1648 ferrum
842 1605 906 1647 mea
929 1606 1047 1667 semper
1065 1596 1095 1647 et
1115 1605 1200 1649 arcus

254 1672 348 1732 Mater
367 1671 473 1747 habet,
490 1673 581 1731 vestri
603 1672 710 1733 feriunt
731 1689 803 1732 cava
823 1681 958 1751 tympana
979 1677 1102 1750 patres?
1193 1685 1252 1738 800

255 1757 321 1817 Non
341 1755 404 1816 tulit
421 1755 566 1834 Amphion
584 1756 751 1835 vultumque
770 1765 801 1816 et
822 1757 851 1816 in
869 1774 920 1817 ora
940 1756 1085 1835 loquentis

256 1841 357 1902 Telum
376 1843 488 1900 inmane
508 1849 602 1917 rotat,
624 1841 677 1901 sed
698 1841 769 1901 ferri
791 1841 898 1901 iumine
916 1841 978 1902 diro

255 1925 397 1987 'l'urbatus
418 1928 553 2004 sonipes,
578 1944 646 1986 sese
667 1925 868 2005 dominumque
890 1927 1009 1987 retorsit

255 2011 383 2070 inlatus
404 2018 492 2088 atque
515 2010 625 2070 avidam
648 2011 805 2071 transmisit
826 2011 927 2071 devius
948 2010 1068 2072 hastam.

256 2095 362 2155 Acrior
383 2094 439 2154 hoc
460 2097 593 2154 iuvenem
615 2095 716 2154 stricto
736 2112 874 2155 mucrone
895 2094 1016 2174 petebat
1197 2107 1249 2162 805

255 2179 416 2258 Amphion,
441 2197 527 2258 quum
548 2197 581 2239 se
602 2177 698 2238 medio
718 2178 837 2240 Latonia
856 2195 959 2256 campo

255 2264 337 2324 inicit
358 2272 423 2322 ante
446 2263 566 2341 oculos,
588 2265 664 2322 omui
684 2265 764 2323 stetit
783 2263 870 2324 obvia
887 2262 978 2323 vultu.

256 2348 402 2409 Haerebat
423 2348 520 2408 iuveni
542 2348 693 2408 devinctus
714 2364 812 2408 amore
832 2348 938 2427 pudico

254 2432 414 2493 Maenalius
436 2432 587 2509 Dorceus,
611 2433 657 2492 cui
678 2431 757 2514 bella
778 2450 919 2512 suumque
941 2433 1072 2496 timorem

256 2516 350 2578 Mater
367 2527 395 2577 et
417 2519 544 2579 audaces
562 2518 645 2596 pueri
666 2517 851 2578 mandaverat
873 2535 973 2578 annos.
1198 2531 1250 2585 διο

255 2602 345 2662 Huius
366 2611 424 2662 tum
442 2601 523 2662 vultu
543 2602 598 2663 dea
618 2602 794 2664 dissimulata
816 2601 964 2683 profatur:

315 2686 480 2747 ‘Hactenus
501 2685 631 2765 Ogygias
650 2689 719 2748 satis
741 2687 897 2749 infestasse
918 2679 1063 2763 catervis,

256 2769 493 2849 Parthenopaeo,
516 2775 602 2840 satis;
623 2773 747 2832 miserae
766 2773 822 2832 iarn
843 2789 933 2847 parce
952 2774 1075 2851 parenti,

257 2854 349 2914 Parce
372 2854 453 2931 deis,
476 2856 650 2933 quicumque
671 2855 792 2915 favent'
832 2854 896 2915 Nec
916 2856 1033 2915 territus
1055 2856 1123 2916 iiie:
1197 2893 1202 2900 ·

257 2938 357 2999 ‘Hunc
379 2939 441 2998 sine
462 2956 525 3015 me,
548 2956 604 2998 nec
626 2939 709 3018 plura
726 2948 838 3016 petam,
862 2938 998 2999 fidissime
1019 2939 1149 3016 Dorceu,
1198 2950 1251 3007 815

257 3018 395 3083 Sternere
416 3021 509 3098 humi,
531 3023 580 3102 qui
598 3023 657 3082 teia
678 3025 751 3082 mois
771 3025 849 3101 gerit
867 3023 980 3084 aemula
1003 3023 1070 3083 telis

257 3106 296 3167 Et
314 3107 423 3168 similes
445 3106 539 3166 cultus
562 3116 592 3167 et
610 3107 693 3168 irena
715 3109 846 3169 sonantia
869 3109 966 3168 iactat.
1150 3109 1152 3114 '

256 3191 351 3252 Frena
372 3210 488 3268 regam,
512 3192 605 3252 cultus
627 3191 742 3252 Triviae
764 3191 929 3272 pendebitis
949 3191 1008 3252 alto

255 3276 378 3356 Limine,
402 3277 523 3355 captivis
542 3285 661 3337 matrem
684 3276 800 3338 donabo
821 3277 989 3356 pharetris!

257 3361 355 3421 Audiit
378 3370 407 3421 et
425 3362 514 3421 mixto
533 3363 597 3421 risit
617 3361 736 3423 Latonia
756 3363 838 3423 fletu.
863 3414 868 3425 .
1199 3373 1252 3428 820

318 3445 438 3505 Viderat
458 3445 532 3507 hanc
554 3446 631 3506 coeii
653 3446 815 3507 iamdudum
835 3448 865 3505 iu
885 3455 969 3525 parte
990 3457 1101 3508 remota

256 3529 408 3590 Gradivum
426 3531 580 3609 complexa
600 3530 716 3608 Venus,
740 3532 864 3609 dumque
884 3533 969 3593 anxia
990 3531 1105 3593 Thebas

257 3612 469 3675 Commemorat
491 3612 686 3695 Cadmumque
708 3618 772 3676 viro
795 3633 940 3696 caraeque
961 3626 1088 3696 nepotes

255 3699 437 3777 Harmoniae,
460 3717 592 3777 pressum
614 3702 702 3761 tacito
724 3700 778 3760 sub
802 3701 892 3762 corde
911 3701 1045 3763 dolorem

254 3782 439 3863 'tempestiva
460 3793 566 3846 moret.
597 3783 714 3848 ‘Nonne
734 3784 834 3866 bano,
852 3783 1008 3862 hiuhma,
1020 3784 1284 3860 mommo-mm
