3134 4434
620 471 798 521 smvnnuu
819 473 851 520 u.
867 473 891 520 1.
1162 480 1167 489 ·
1240 461 1259 520 9

249 631 367 692 Lumina
389 636 560 708 contempto
579 628 680 689 mallet
699 627 821 690 Rhodos
841 646 946 708 aspera
967 628 1098 690 Phoebo.

252 716 360 783 Certus
383 732 465 775 ames
487 723 582 773 terras
603 721 633 773 et
656 731 731 790 quae
753 712 805 772 tibi
826 713 935 792 templa
957 713 1096 789 dicamus,
1209 726 1259 779 105

250 799 319 879 lpse
343 799 446 873 colas,
469 806 576 857 necte
599 797 677 857 coeli
700 800 779 857 iuret
800 798 883 872 aula,
908 806 1031 875 tuosque

251 884 360 945 Laetus
382 883 451 943 huic
472 884 548 953 douo
570 882 672 942 videas
694 883 764 942 dare
787 891 850 942 tura
870 890 1007 960 nepotes.

277 1042 317 1092 11.
348 1039 641 1092 EPITHALAMION
669 1037 838 1090 STELLAE
860 1040 910 1091 ET
938 1040 1232 1095 VIOLANTILLAE.

317 1137 404 1198 Unde
426 1151 512 1195 sacro
532 1132 606 1194 Latii
627 1143 787 1193 sonuerunt
808 1137 933 1195 carmine
956 1135 1092 1197 montes?

254 1222 325 1298 Cui,
350 1221 464 1296 Paean,
487 1236 563 1279 nova
584 1219 699 1297 plectra
720 1235 823 1278 moves
845 1221 1024 1299 humeroque
1047 1225 1174 1283 comanti

253 1307 421 1367 Facundum
443 1303 598 1382 suspendis
621 1302 718 1362 ebur?
750 1302 856 1364 Procul
879 1322 952 1364 eece
973 1323 1081 1367 canoro

253 1391 426 1467 Demigrant
446 1388 590 1448 Helicone
612 1387 704 1462 deae,
732 1389 918 1467 quatiuntque
938 1406 1053 1452 novena

252 1473 402 1552 lampade
424 1472 577 1532 solennem
597 1470 730 1531 thalamis
752 1474 925 1533 coeuntibus
948 1476 1044 1552 ignem
1244 1488 1261 1540 5

255 1557 292 1619 Et
317 1558 355 1619 de
378 1558 481 1619 Pieriis
501 1556 636 1616 vocalem
658 1555 786 1615 fontibus
808 1557 920 1618 undam.

255 1643 336 1717 Quas
356 1643 433 1702 iuter
453 1642 535 1701 vultu
558 1640 691 1719 petulans
712 1639 817 1719 Elegia
839 1643 1024 1722 propinquat,

258 1725 378 1788 Celsior
401 1735 538 1801 assueto,
561 1725 703 1802 divasque
724 1723 855 1785 hortatur
875 1735 905 1785 et
927 1727 1015 1788 ambit

256 1811 410 1872 Alternum
431 1810 539 1871 fultura
560 1809 683 1888 pedem,
706 1807 905 1889 decimamque
925 1812 1020 1872 videri
1287 1854 1299 1885 „

258 1897 297 1956 Se
322 1896 404 1974 cupit
425 1905 455 1954 et
475 1894 586 1954 medias
607 1893 682 1953 fallit
702 1896 845 1970 permixta
866 1912 997 1956 sorores.
1229 1910 1262 1961 10

320 1978 391 2059 Ipsa
410 1998 495 2039 mauu
516 1987 633 2057 nuptam
653 1979 780 2054 genitrix
798 1978 912 2040 Aeneia
934 1981 1013 2041 ducit

256 2065 375 2125 Lumina
398 2064 552 2125 demissam
572 2071 604 2122 et
625 2062 704 2126 dulci
724 2063 874 2140 probitate
895 2064 1063 2134 rubentem:

257 2149 326 2229 lpsa
348 2158 432 2208 toros
452 2152 589 2208 et'saora
611 2156 693 2225 parat
716 2149 870 2227 cinctuque
893 2147 993 2209 latino

256 2232 443 2294 Dissimulata
466 2232 566 2306 deam,
591 2233 700 2292 crinem
721 2232 888 2311 vultumque
911 2251 1062 2311 genasque

257 2317 416 2396 Temperat
440 2325 527 2395 atque
549 2333 625 2375 nova
645 2318 735 2393 gestit
757 2317 851 2375 minor
873 2319 916 2376 ire
938 2318 1049 2377 marita.
1229 2330 1262 2381 lt

256 2402 359 2462 Nosco
383 2402 457 2462 diem
480 2418 643 2480 causasque
665 2403 752 2461 sacri.
793 2401 835 2460 Te
856 2402 983 2461 concinit
1003 2403 1060 2461 iste
1081 2435 1125 2447 -

257 2487 356 2548 Pande
375 2486 470 2546 iores!
495 2519 531 2529 -
555 2493 602 2560 te,
626 2485 734 2561 Stella,
757 2484 880 2554 chorus;
904 2485 955 2546 tibi
974 2485 1111 2548 Phoebus
1131 2484 1262 2567 etEvan

257 2570 294 2630 Et
317 2570 354 2630 de
374 2569 515 2631 Maenalia
535 2569 659 2628 volucer
681 2570 857 2646 Tegeaticus
878 2570 979 2632 umbra

258 2658 347 2715 Serta
369 2655 473 2715 ferunt.
517 2652 583 2713 Nec
603 2652 727 2713 blandus
749 2653 857 2731 Amor,
880 2674 937 2715 nec
959 2655 1056 2717 Gratia
1080 2663 1178 2715 cessat

257 2739 436 2818 Amplexnm
456 2741 559 2797 niveos
582 2747 700 2816 optatae
724 2740 857 2816 coniugis
880 2746 958 2800 artus
1227 2750 1263 2803 bo

258 2823 396 2887 Floribus
418 2823 573 2882 innumeris
595 2831 625 2881 et
647 2824 737 2882 olenti
759 2842 902 2902 spargere
924 2824 1032 2884 nimbo.

258 2907 302 2968 l'u
324 2907 411 2967 modo
433 2907 529 2967 fronte
554 2923 655 2984 rosas,
682 2909 770 2967 violis
792 2909 880 2969 modo
907 2909 967 2968 lilia
990 2910 1077 2968 mium

258 2991 382 3069 Excipis
404 2999 433 3051 et
454 2992 587 3052 dominae
609 2993 702 3051 niveis
722 3010 739 3052 a
760 2991 887 3052 vultibus
910 2992 1021 3052 obstas.

323 3075 405 3152 Ergo
426 3076 489 3136 dies
510 3075 611 3136 aderat
632 3076 786 3137 Parcarum
807 3077 939 3137 conditus
960 3076 1027 3136 albo

257 3160 399 3236 Vellere,
424 3177 482 3239 quo
505 3160 617 3222 Stellae
638 3160 887 3241 Violentillaeque
909 3161 1063 3240 professus

259 3244 443 3305 clamaretur
464 3246 579 3320 hymen.
622 3243 735 3306 Cedant
758 3264 905 3324 curaeque
927 3256 1097 3326 metusqne;

259 3328 387 3389 Cessent
407 3329 564 3390 mendaces
584 3329 695 3407 obliqui
717 3332 850 3390 carminis
873 3340 967 3400 astus;

257 3413 348 3473 Fama
371 3422 447 3472 tace.
487 3413 581 3474 Subiit
602 3414 687 3491 leges
710 3424 739 3474 et
761 3415 844 3475 frena
866 3415 1020 3477 momordit

258 3497 314 3559 llle
338 3497 449 3556 solutus
473 3515 570 3558 amor:
594 3509 764 3577 cousumpta
786 3504 832 3559 est
851 3498 949 3560 fabula
969 3500 1062 3577 vulgi,

260 3580 298 3641 Et
319 3591 435 3641 narrata
456 3583 504 3642 diu
525 3583 660 3643 viderunt
681 3584 783 3643 oscula
807 3585 898 3644 cives.

261 3664 305 3724 'l'u
327 3675 424 3725 tamen
444 3667 596 3743 attonitus,
620 3669 751 3747 quamvis
772 3668 838 3728 data
858 3668 944 3746 copia
966 3674 1080 3726 tautae·

259 3751 372 3828 sortis,
396 3750 488 3811 adbuc
510 3760 595 3832 optas
613 3753 816 3833 permissaque
836 3753 951 3812 numine
974 3751 1079 3812 dextro
