3134 4434
586 480 787 532 annuentos
804 482 874 532 ute.
891 483 938 532 VI.

272 638 436 701 Fulmineas
456 638 516 699 alte
537 638 672 719 suspensi
694 654 821 718 corpora
842 637 948 720 plantis

271 725 404 787 Erexere
422 741 539 792 mauus;
560 731 623 784 tuto
644 724 748 803 procul
770 741 823 784 ora
845 741 968 784 recessu

270 810 425 871 Armorum
445 807 631 886 impendiis,
652 809 804 889 aditusque
823 808 860 870 ad
878 808 999 870 uulnera
1017 808 1100 871 clusi.

271 894 326 956 Hic
348 902 470 974 quantus
489 893 599 971 Stygiis
621 892 722 970 Tityos
745 902 904 972 consurgat
927 893 964 954 ab
986 893 1075 971 arvis,

271 981 302 1040 Si
324 988 426 1039 torvae
445 978 589 1058 patiuntur
609 994 697 1055 aves,
719 987 797 1039 tauta
818 978 943 1057 undique
965 977 1065 1059 pandit

270 1061 466 1125 Membrorum
488 1063 581 1141 spatia
603 1071 633 1124 et
650 1064 735 1124 tantis
757 1062 839 1123 ierus
858 1063 974 1124 ossibus
994 1071 1084 1125 extat.
1218 1069 1269 1127 ‘tos

270 1147 325 1209 Hic
344 1147 432 1227 paulo
453 1156 519 1208 ante
537 1165 626 1226 puer,
649 1147 797 1211 sedenim
819 1148 957 1209 maturius
980 1163 1055 1209 aevo

271 1232 388 1309 Robur,
412 1240 441 1292 et
459 1232 592 1310 ingentes
613 1232 739 1312 spondet
755 1241 840 1294 tener
858 1233 973 1312 inpetus
996 1247 1098 1308 anuos,

271 1317 365 1392 Quem
386 1317 463 1377 uinci
484 1317 559 1378 haud
581 1317 748 1396 quisquam,
771 1333 863 1378 saevo
885 1335 942 1377 neo
963 1317 1103 1397 sanguiue
1121 1315 1194 1394 tingi

270 1401 369 1478 Melit,
394 1409 424 1461 et
445 1410 547 1462 erecto
566 1402 665 1462 timeat
682 1401 852 1481 spectacula
871 1410 953 1462 voto.
1270 1462 1273 1468 ,

332 1484 371 1546 Ut
394 1503 463 1546 sese
483 1487 629 1564 permensi
650 1486 759 1562 oculis,
781 1494 812 1547 et
833 1495 957 1565 uterque
979 1486 1107 1566 priorem
1219 1492 1271 1550 ‘loo

272 1572 440 1650 speravere
462 1569 574 1647 locum,
597 1586 655 1631 uon
676 1571 808 1651 protinus
829 1570 965 1647 ira,.nec
986 1571 1079 1644 ictus3

271 1655 411 1716 Alternus
432 1654 548 1734 paulum
568 1654 654 1716 timor
675 1663 704 1716 et
724 1655 867 1736 permixta
887 1655 979 1717 furori

273 1738 420 1816 Consilia,
440 1739 578 1800 inclinant
598 1748 705 1801 tautum
727 1741 873 1807 contraria
895 1740 972 1801 iactu

272 1823 412 1900 Brachia,
435 1832 465 1885 st
487 1824 641 1904 explorant
662 1834 777 1887 caestus
799 1824 996 1904 hebetantque
1019 1823 1151 1886 terendo.

335 1908 458 1969 Doctior
478 1908 527 1968 hic
548 1909 646 1971 differt
666 1911 789 1971 animum
809 1918 999 1989 metuensque
1017 1908 1106 1971 futuri
1220 1913 1271 1972 765

273 1991 431 2054 Cunctatus
448 1994 528 2054 vires
549 1993 714 2073 dispensat:
736 2003 765 2055 at
782 1993 835 2055 ille
855 1994 981 2056 nocendi

224 2115 230 2124 «
272 2077 415 2156 Prodigus
433 2078 624 2156 incautusque
646 2079 690 2139 sui
712 2079 768 2139 ruit
786 2078 894 2156 omnis,
916 2087 946 2139 et
965 2075 1065 2139 ambos

273 2160 422 2223 Consumit
441 2162 506 2221 siue
527 2161 595 2241 lege
617 2181 733 2240 manus,
753 2171 844 2242 atquc
864 2163 948 2224 inrita
967 2160 1077 2223 frendit

272 2248 429 2325 lusurgons
450 2263 543 2325 seque
562 2248 627 2327 ipse
649 2248 763 2326 premit.
806 2247 867 2309 Sed
888 2247 1026 2327 providos
1048 2253 1114 2308 asto
1147 2279 1150 2283 ·

273 2331 311 2393 Et
332 2331 424 2411 patria
445 2331 517 2409 vigil
538 2340 601 2391 arte
621 2331 720 2394 Lacon
738 2330 795 2393 hos
812 2332 898 2393 reicit
916 2332 1001 2408 ictus,
1221 2334 1274 2395 770

273 2417 335 2477 llos
356 2425 453 2485 cavet;
476 2416 620 2477 interdum
636 2425 705 2478 nutu
724 2417 889 2496 capitisque
911 2416 990 2477 citati

272 2502 391 2581 integer
412 2501 574 2580 obsequio,
596 2501 725 2564 manibus
747 2519 823 2563 nuuc
846 2501 932 2563 obvia
952 2500 1013 2562 tela

272 2586 456 2662 Discutieus,
479 2586 566 2647 instat
586 2605 692 2665 gressu
711 2586 850 2668 vultuque
872 2585 998 2656 recedit;

273 2671 373 2750 Saepe
393 2671 480 2731 etiam
501 2671 612 2732 iniustis
634 2671 772 2733 collatum
791 2671 901 2733 viribus
919 2670 1045 2748 hostem,

274 2755 303 2816 ls
327 2756 412 2833 vigor
432 2755 567 2833 iugenio,
589 2764 667 2817 tanta
688 2757 869 2836 experientia
890 2756 1012 2818 dextrae
1035 2762 1092 2830 est,
1223 2758 1274 2815 775

274 2838 359 2900 Ultro
381 2838 477 2899 audax
498 2839 599 2900 animis
615 2841 760 2920 intratque
783 2849 813 2901 ot
833 2839 984 2901 obumbrat
1005 2846 1036 2898 ct
1056 2837 1117 2899 alte
1146 2870 1149 2875 ·

275 2922 388 2983 Assilit.
418 2921 457 2982 Ut
478 2936 626 3001 praeceps
648 2924 763 2984 cumulo
783 2923 851 2985 solit
870 2923 945 2985 unda
965 2923 1108 2983 minantes

274 3007 307 3068 lu
329 3005 470 3087 scopulos
490 3014 520 3066 et
540 3005 633 3067 fracta
654 3007 747 3085 redit,
771 3008 815 3069 sic
837 3007 888 3068 ille
909 3007 1055 3068 furentem

275 3089 386 3152 Circuit
407 3107 593 3171 expugnans;
618 3090 697 3153 levat
718 3110 792 3154 ecce
814 3092 920 3171 diuque
942 3091 1065 3161 minatur

273 3175 307 3238 In
328 3177 401 3237 latus
423 3177 510 3256 inque
532 3174 653 3246 oculos;
675 3175 755 3238 illum
776 3176 869 3255 rigida
886 3193 966 3238 arma
987 3181 1139 3237 caventem
1224 3180 1276 3241 780

274 3261 406 3339 Avooat,
430 3269 460 3322 et
481 3260 612 3321 manibus
632 3263 808 3342 necopinum
828 3261 976 3322 interserit
995 3261 1084 3321 ictum

276 3343 406 3408 Callidus
428 3345 604 3407 comediam
627 3345 760 3425 designat
776 3345 898 3408 vulnere
920 3345 1056 3407 irontsm.

337 3429 397 3491 lam
415 3447 519 3508 cruor,
545 3439 576 3491 et
594 3431 695 3510 tepido
716 3433 867 3510 signantur
882 3440 1016 3510 tempora
1035 3429 1110 3491 riso.

275 3513 378 3576 Nescit
399 3515 492 3577 adhuc
514 3511 668 3596 Capaneus
690 3515 872 3596 subitumque
895 3534 950 3596 per
966 3515 1081 3594 agmina
1099 3529 1225 3576 murmur

275 3600 409 3670 Miratur;
432 3618 533 3661 verum
555 3609 585 3662 ut
606 3600 715 3662 fessam
734 3618 826 3680 super
848 3617 900 3661 ora
921 3599 1037 3663 reduxit
1225 3603 1276 3662 tos

276 3683 366 3746 Forte
384 3702 497 3746 manum
519 3693 550 3746 et
571 3702 681 3747 sumno
701 3685 831 3748 maculas
849 3686 878 3745 iu
898 3685 1012 3749 vellere
1028 3683 1113 3758 vidit,

276 3768 343 3831 Non
363 3770 428 3849 leo,
451 3787 509 3831 uon
529 3770 628 3835 iaculo
649 3780 761 3835 tontum
781 3770 940 3854 indignata
953 3775 1091 3847 recepto
