3134 4434
290 423 352 487 too
639 437 670 484 1³.
687 435 819 486 rsrmn
835 435 951 486 srarrr

289 594 424 670 Tydeos,
448 604 477 655 et
496 595 610 655 laevom
627 593 739 654 invenis
758 591 977 654 transverberat
994 594 1117 672 inguen
1248 604 1291 660 635

287 679 504 758 Labentemque
526 678 618 756 alligit
639 696 731 758 eqno;
754 677 828 754 fugit
849 676 900 738 ille
921 688 1083 758 perempto

290 763 450 823 Consertus
473 765 605 839 domino,
628 782 684 824 nec
705 765 760 823 iam
777 780 855 822 arma
877 772 925 823 ant
947 763 1033 824 irena
1056 773 1218 827 tenentem

289 849 387 908 Portat
408 849 520 925 adhue,
544 867 599 909 een
620 848 746 909 nondum
768 848 861 906 anima
883 848 1016 908 deiectos
1040 857 1179 928 utraque

290 931 381 1006 Quum
403 951 455 997 sua
477 931 637 993 Centaurus
658 933 786 993 moriens
808 933 836 990 in
854 941 937 1010 terga
959 933 1122 994 recumbit.

348 1016 448 1079 Certat
467 1035 541 1098 opus
563 1017 650 1094 ferri,
673 1026 862 1095 sternuntque
884 1017 995 1078 alterna
1012 1017 1159 1079 furentes
1247 1030 1291 1086 tto

288 1101 491 1182 Hippomedon
512 1100 636 1178 Sybarin
657 1101 784 1177 Pylium,
809 1101 983 1181 Periphanta
1002 1101 1217 1182 Menoeceus,

289 1187 528 1265 Parthenopaeus
549 1186 630 1262 Ityn:
651 1186 772 1262 Sybaris
796 1186 873 1246 iacet
894 1204 965 1246 ense
988 1198 1130 1266 cruento,

291 1271 419 1351 Cuspide
439 1281 505 1331 trux
525 1272 682 1350 Periphas,
703 1268 764 1346 Itys
783 1270 935 1330 insidiante
955 1273 1073 1348 sagitta.

291 1355 426 1417 Caeneos
447 1355 555 1416 lnachii
576 1357 656 1417 ferro
678 1354 835 1416 Mavortius
857 1355 987 1416 Haemon

292 1439 376 1501 Colla
398 1442 490 1520 rapit,
512 1441 558 1501 cni
575 1441 719 1502 dividuum
737 1449 816 1500 trans
837 1457 945 1520 corpus
967 1441 1085 1501 hiantes
1250 1455 1294 1512 645

291 1525 435 1586 Truncum
455 1525 533 1585 oculi
555 1535 713 1604 quaerunt,
737 1525 845 1584 animus
868 1534 968 1604 caput;
992 1543 1073 1587 arma
1095 1528 1230 1591 iacentis

289 1608 349 1671 lam
370 1609 502 1689 rapiebat
523 1609 621 1687 Abas,
644 1628 734 1671 cornu
753 1608 916 1686 deprensus
935 1610 1051 1672 Achiva

289 1694 402 1755 Dimisit
422 1697 549 1754 moriens
571 1695 696 1774 elipeum
718 1693 912 1774 hostilemque
928 1701 1089 1775 suumque.

354 1779 426 1854 Quis
443 1779 494 1838 tibi
516 1779 703 1855 Panchaeos,
725 1777 861 1854 Eunaee,
881 1782 1049 1858 relinquere
1078 1785 1203 1862 cultus,

291 1864 362 1938 Quis
382 1864 481 1939 lucos,
503 1865 610 1924 vetitus
634 1864 737 1943 quibus
757 1865 917 1925 emansisse
940 1865 1103 1943 sacerdos,
1251 1880 1297 1936 650

291 1949 406 2025 Suasit,
431 1957 461 2008 et
483 1957 629 2010 assuetum
650 1949 765 2009 Bromio
785 1957 895 2009 mutare
914 1947 1063 2009 furorem?

292 2033 385 2108 Quem
401 2043 515 2094 terrere
538 2031 650 2113 queas?
677 2034 766 2112 clipei
789 2033 971 2112 penetrabile
989 2042 1104 2095 textum

290 2118 436 2181 Pallentes
458 2120 586 2180 hederae
604 2117 781 2198 Nysaeaque
806 2128 885 2179 serta
905 2128 1054 2179 coronant.

291 2201 418 2265 Candida
440 2206 593 2284 pampineo
616 2204 796 2265 subnectitur
815 2204 910 2264 instita
933 2204 998 2280 filo,

295 2287 381 2348 Crine
404 2288 494 2349 latent
514 2290 640 2363 humeri,
662 2296 797 2349 crescunt
820 2286 1089 2366 lanuginemalae,
1255 2304 1303 2360 655

291 2373 329 2433 Et
350 2373 434 2433 rubet
454 2373 571 2433 iubellis
589 2373 678 2449 Tyrio
701 2372 862 2433 subtemine
884 2374 1005 2448 thorax,

251 2487 255 2496 ·
291 2458 471 2536 Brachiaqne
491 2459 519 2517 in
540 2459 657 2519 manicis
683 2468 712 2518 et
735 2459 831 2536 pictae
851 2459 965 2519 vincula
988 2458 1108 2537 plantae

292 2541 492 2622 Carbaseiqne
514 2543 611 2618 sinus,
635 2552 665 2602 et
688 2542 776 2603 libnla
798 2543 893 2603 rasilis
913 2561 984 2603 auro

292 2624 463 2686 Taenariam
484 2626 562 2688 iulva
583 2626 733 2687 mordebat
752 2629 865 2706 iaspide
884 2628 1004 2707 pallam;

292 2710 384 2785 Quam
405 2730 495 2791 super
516 2729 532 2771 a
553 2721 638 2790 tergo
657 2712 747 2772 velox
768 2723 885 2788 corytus
909 2723 938 2773 et
958 2731 1061 2789 arcus,
1252 2730 1303 2785 σω

291 2795 513 2876 Pendentesque
535 2806 638 2858 sonant
655 2806 753 2858 aurata
771 2797 857 2873 lynce
879 2798 1044 2878 pharetrae.

292 2880 317 2941 lt
338 2882 504 2961 lymphante
526 2882 582 2943 deo
603 2884 696 2943 media
717 2884 793 2942 inter
813 2884 901 2943 millia
923 2883 1039 2959 longum

291 2967 481 3028 Voniierans:
505 2968 679 3028 ‘Prohibete
702 2985 818 3044 manus,
838 2969 912 3029 haec
936 2969 1030 3027 omine
1052 2968 1162 3031 dextro

226 3119 234 3136 ,
292 3050 405 3112 llloenia
429 3050 577 3128 Cyrrhaea
593 3054 761 3113 monstravit
779 3052 889 3132 Apollo
912 3054 1044 3112 iuvenca.

292 3137 423 3214 Parcite,
445 3139 474 3195 in
495 3138 570 3197 haec
590 3138 666 3197 ultro
687 3137 802 3216 scopuli
823 3154 933 3198 venere
953 3137 1099 3198 volentes.
1184 3144 1190 3150 ’
1252 3155 1304 3210 665

294 3221 371 3281 Cone
392 3232 505 3282 sacrata
527 3240 639 3282 snmus:
663 3240 756 3299 gener
778 3222 844 3282 hnic
867 3231 912 3282 est
933 3222 1064 3301 luppiter
1085 3222 1153 3283 urbi

293 3304 493 3384 Gradivusque
512 3324 612 3373 socer:
635 3307 781 3367 Bacchum
800 3307 875 3367 haud
893 3309 1045 3367 mentimur
1063 3307 1217 3372 alumnum

292 3388 330 3450 Et
351 3409 483 3468 magnum
502 3390 650 3451 Alciden)
689 3391 807 3452 laetanti
827 3391 895 3452 talia
915 3393 1022 3452 frustra

293 3474 435 3536 Turbidus
454 3478 534 3536 aeria
556 3474 709 3555 Capaneus
732 3478 860 3537 occurrit
880 3478 909 3536 in
931 3477 1023 3536 hasta.

357 3559 457 3634 Qualis
479 3561 527 3620 ubi
549 3562 668 3640 primam
689 3561 737 3620 leo
759 3579 843 3622 mane
866 3561 1009 3622 cubilibus
1031 3563 1101 3621 atris
1250 3577 1305 3635 570
1368 3558 1369 3563 ’

292 3644 395 3706 Erexit
415 3644 525 3705 rabiem
547 3655 577 3706 et
598 3663 688 3706 saevo
712 3646 882 3725 speculatur
904 3646 939 3706 ab
962 3655 1044 3706 antro

288 3730 351 3791 Ant
371 3748 503 3811 cerrum,
527 3740 576 3794 ant
596 3731 724 3794 nondum
743 3730 908 3793 bellantem
924 3731 1026 3790 iconie
1042 3733 1226 3808 insensum,
