3134 4434
306 445 353 535 Ι78
445 434 452 447 ’
648 457 680 504 P.
702 457 838 505 ramum
860 457 976 506 sunum

301 613 351 675 Et
372 623 514 674 moestum
535 612 658 693 pelagus
680 614 826 691 gementis
847 612 950 675 Helles

314 698 514 759 intercludere
538 708 627 777 ponte
649 715 707 757 non
726 699 844 758 natanti.

314 783 365 844 His
389 802 513 862 parvus,
536 785 590 843 nisi
611 782 737 843 Lechiae
759 792 904 860 vetarent,

228 928 239 936 ,
314 868 400 929 lncns
422 867 496 928 freta
517 870 682 928 miscuisset
702 866 835 927 isthmos.

380 951 507 1013 Fervent
528 954 614 1013 litera
634 952 820 1032 mobilesque
844 953 946 1028 silvae,

314 1040 340 1100 lt
360 1039 465 1115 longus
483 1039 593 1099 medias
614 1037 715 1114 fragor
737 1054 792 1114 per
810 1038 911 1113 nrbes,

316 1124 412 1204 Atque
431 1122 506 1183 echo
530 1123 612 1182 simul
633 1122 699 1180 hinc
722 1130 751 1181 et
772 1122 840 1182 inde
858 1123 979 1183 fractam

316 1208 410 1270 Gauro
431 1207 574 1267 Massicus
594 1205 689 1266 uvifer
710 1208 836 1266 remittit.

314 1293 433 1354 Miratur
455 1294 578 1352 sonitum
596 1293 693 1371 quieta
713 1288 804 1366 (lyme

314 1379 351 1438 Et
369 1377 484 1438 Literna
507 1377 590 1456 palus
609 1377 752 1455 pigerque
775 1377 864 1436 Savo.

314 1463 353 1523 Et
373 1463 477 1523 ssavum
500 1470 586 1540 capnt
606 1461 810 1540 humidamque
831 1461 890 1521 late

315 1546 431 1608 crinem
451 1546 586 1608 mollibus
605 1546 751 1626 inpeditus
773 1546 848 1605 ulvis

315 1632 472 1692 Vulturnus
495 1633 574 1692 levat
595 1649 646 1691 cra
664 1633 849 1708 maximoque

316 1718 415 1778 Pontis
439 1715 578 1776 Caesarei
598 1716 718 1776 reclinis
742 1733 812 1775 arcu

315 1801 422 1862 Baucis
444 1802 512 1862 talia
533 1800 666 1860 lancibus
693 1799 848 1860 redundat:

379 1885 572 1966 ‘camporum
593 1884 670 1944 hone
693 1885 827 1945 conditor
848 1902 988 1962 meorum⁷

316 1973 371 2047 Qui
391 1990 437 2031 me
453 1971 579 2031 vallibus
600 1971 672 2030 aviis
694 1970 823 2029 reinsum

315 2056 352 2117 Et
372 2058 443 2135 ripis
461 2055 593 2116 habitare
614 2056 794 2115 nescientem

315 2142 400 2202 Recti
422 2141 538 2219 legibus
560 2140 637 2201 alvei
657 2140 765 2216 ligasti,

315 2227 353 2287 Et
374 2244 450 2286 nnuc
472 2226 522 2286 ille
546 2243 603 2303 ego
627 2225 757 2285 turbidus
779 2225 934 2304 minaxque

314 2313 371 2371 Vix
394 2329 498 2390 passus
518 2310 618 2371 dubias
637 2312 716 2389 prins
740 2311 864 2385 carinas,

314 2397 373 2458 lam
396 2405 513 2475 pontem
535 2396 599 2455 iero
622 2397 799 2474 perviusque
820 2395 934 2464 calcor;

316 2481 372 2556 Qui
394 2489 488 2539 terras
510 2498 615 2559 rapere
637 2489 666 2539 et
689 2488 788 2539 rotare
810 2480 901 2539 silvas

314 2566 490 2639 Assneram‚
512 2564 615 2643 pudet!
641 2565 731 2624 amnis
754 2582 823 2624 esse
842 2567 943 2644 coepi;

316 2650 377 2711 Sed
397 2658 497 2725 grates
514 2666 571 2726 ago
592 2650 709 2709 strictus
731 2657 819 2728 atque
838 2652 908 2709 tanti
928 2658 984 2726 est,

315 2735 400 2809 Quod
420 2733 474 2792 sub
492 2742 520 2793 te
543 2733 633 2810 duce,
654 2743 683 2792 te
704 2733 838 2810 iubente,
863 2737 951 2810 cessi,

315 2819 400 2894 Quod
421 2827 451 2878 tu
472 2819 610 2878 maximus
634 2817 744 2877 arbiter
764 2836 912 2898 meaeque

313 2905 418 2964 Victor
440 2912 599 2983 perpetuus
620 2903 723 2981 legere
744 2904 837 2981 ripae.

314 2989 353 3049 Et
374 3007 449 3048 nunc
470 2988 559 3048 limite
576 3007 623 3048 me
642 2989 716 3048 colis
737 2987 826 3048 beato

313 3074 378 3134 Nec
399 3073 521 3133 sordere
545 3074 628 3151 sinis,
648 3073 812 3152 malumque
834 3073 892 3134 late

313 3159 462 3235 Deterges
481 3159 591 3218 sterilis
614 3160 669 3219 soli
689 3159 846 3238 pndcrem;

314 3243 359 3304 Ne
381 3261 426 3301 me
445 3243 614 3321 pulvereum
635 3261 813 3322 gravemque
836 3260 932 3303 coena

315 3327 457 3404 Tyrrheni
480 3329 559 3387 sinus
582 3327 686 3387 obruat
705 3328 852 3408 prolundi‚

316 3412 417 3487 Qualis
440 3409 598 3490 Cinyphius
617 3421 733 3479 tacente
752 3414 823 3492 ripa·
926 3439 930 3455 ·

314 3497 430 3557 Poenos
450 3496 581 3574 Bagrada
600 3497 691 3575 serpit
712 3500 792 3556 inter·
807 3515 909 3575 agrnsp

315 3581 374 3642 Sed
395 3581 461 3641 talis
483 3582 579 3658 ferar,
602 3591 633 3641 ut
654 3582 763 3641 nitente
785 3600 870 3642 cursu
904 3632 908 3641 ,
936 3620 939 3624 -

315 3666 511 3745 Tranquillum
530 3684 610 3726 mare
624 3668 849 3746 proximumque
863 3669 981 3747 possim

313 3751 390 3811 Puro
408 3752 526 3831 gurgite
546 3769 713 3834 provocare
735 3749 866 3812 lirim*-
