3134 4434
572 454 770 507 nassamos
792 455 862 505 mn
883 445 1250 508 v1.117

255 608 340 672 Unde
362 626 420 688 egn
438 607 517 671 bella
537 609 589 671 tibi
610 609 816 692 Thebasque
807 629 906 690 ignara
928 610 1080 673 timerem?
1138 553 1333 723 [ΜΛ

220 733 225 741 ·
258 692 313 754 Cui
332 712 467 774 superum
488 704 587 757 nostro
609 698 790 758 committere
810 697 951 775 sarrgaine
973 714 1133 775 pugnas

256 777 372 840 Dulce?
393 781 456 858 quis
478 779 536 840 hon
557 781 643 841 armis
664 782 745 842 vovit
766 779 888 843 snelnsi
910 791 938 843 at
957 789 1004 842 tna
1023 762 1166 859 nondum,
1198 674 1262 842 s«
1230 743 1355 863 step(

258 861 381 940 Cadme,
404 864 523 940 domus,
537 865 638 927 nullus
657 865 745 942 Tyrio
767 884 862 944 grege
885 865 1029 947 plangitur
1051 865 1152 927 infans
1197 876 1261 939 145

254 947 395 1009 Primitiae
419 958 536 1027 egomet
554 949 734 1011 lacrimarum
755 959 786 1011 et
808 950 907 1013 caedis
928 950 1055 1013 anerbae

254 1033 333 1093 Ante
354 1032 438 1094 tubas
459 1033 625 1113 ferrunnqne
647 1035 715 1113 tuli,
739 1035 926 1100 dumdeside
947 1053 1015 1097 euna
1046 1100 1050 1105 ,

257 1115 354 1177 Credo
374 1119 453 1177 ainus
475 1118 552 1180 fidos
570 1119 680 1181 altrinis
701 1129 730 1180 et
751 1119 842 1182 ubera
863 1120 976 1181 maudo

257 1201 361 1277 Quidni
383 1200 462 1280 egoi
483 1203 616 1265 narrabat
638 1213 783 1267 servatum
805 1204 906 1266 frande
928 1212 1078 1284 parentem

254 1286 447 1366 Insnntesque
464 1306 573 1349 manus.
612 1287 674 1351 tan!
697 1307 782 1369 quam
803 1284 895 1351 ferale
915 1298 1048 1370 putemus
1198 1301 1262 1355 150,

254 1369 416 1432 Abiurasse
436 1390 550 1434 santum
571 1381 602 1433 et
622 1372 722 1437 tenui
741 1373 897 1452 gentilibus
915 1391 1040 1435 unaun-

255 1457 402 1518 lnmunem
423 1456 520 1526 iuriis:
539 1456 614 1519 haee
635 1457 702 1534 illu,
722 1467 753 1520 et
775 1458 893 1520 creditis
912 1453 1022 1520 ausae?

255 1541 337 1602 Haec
359 1542 466 1621 pietate
487 1538 615 1622 potensi
636 1542 708 1605 solis
729 1542 866 1605 abiecit
857 1561 886 1603 nn
904 1543 981 1604 arvis

253 1625 321 1686 Non
341 1642 442 1704 regem
463 1626 657 1696 dominantum
680 1627 792 1689 alienos
814 1627 891 1706 impla
912 1635 1022 1708 partus,
1093 1662 1108 1669 ··

254 1710 320 1771 Han
341 1718 466 1787 tantum,
489 1711 640 1791 silvaeque
660 1712 772 1773 infamis
793 1714 906 1773 tramite
928 1713 1021 1790 liquit,
1196 1720 1248 1774 155

255 1795 349 1870 Quem
369 1813 426 1855 non
447 1796 547 1874 anguis
562 1805 647 1860 atrax
657 1795 777 1879 -quid
790 1794 928 1857 eurmhan
941 1813 1026 1876 opus,
1038 1794 1086 1859 hei
1101 1793 1180 1872 mihi,
1195 1794 1257 1869 teti,

252 1876 488 1940 1110141ιί11-
508 1889 616 1943 tantum
637 1881 716 1943 caeli
736 1881 893 1943 uiolentior
913 1898 982 1942 aura

253 1963 448 2044 Inpulsaeqne
469 1962 547 2026 Nutu
569 1965 687 2027 frondes
710 1984 870 2046 eassusque
890 1966 1004 2033 valeret

253 2048 426 2110 Exanimare
449 2049 542 2111 timor.
576 2048 640 2111 Nen
659 2067 714 2111 vos
731 2051 882 2113 incessere
903 2050 982 2117 lucta

254 2132 333 2194 Orba
354 2133 467 2209 haben,
490 2133 578 2195 fixum
597 2134 681 2196 matri
701 2135 894 2214 inmaturique
914 2131 1049 2195 manebat
1196 2139 1256 2205 160,

253 2217 316 2279 Han
336 2218 438 2278 altrice
459 2217 558 2286 nelas3
584 2227 613 2279 at
634 2219 702 2297 quiin
724 2227 753 2281 et
775 2217 896 2279 blandus
918 2217 954 2281 ad
976 2217 1064 2294 illam,

253 2302 344 2380 Nate,
365 2302 471 2382 magis,
493 2301 587 2364 solam
611 2320 700 2365 nosse
720 2311 807 2382 atque
828 2303 928 2365 audire
949 2310 1114 2378 vocantem,
1150 2338 1154 2345 -

252 2388 432 2467 Ignarusqne
449 2387 522 2447 mei:
540 2386 619 2449 nulla
641 2406 679 2449 ex
698 2396 727 2451 te
746 2387 851 2466 gaudia
871 2387 965 2455 matri.

252 2472 307 2533 llla
329 2480 394 2532 tuos
414 2481 534 2553 questus
550 2472 779 2554 lacrimososque
799 2473 877 2553 inpia
897 2473 972 2533 risus

253 2555 353 2617 Audiit
374 2566 404 2617 et
423 2559 507 2617 vonis
528 2555 678 2638 decerpsit
697 2576 841 2619 murmura
861 2558 981 2638 primae.
1194 2563 1253 2627 165Ι

252 2642 308 2703 Illa
328 2640 379 2700 tibi
399 2643 534 2720 genetrix
554 2654 687 2722 semper,
709 2643 775 2705 dum
795 2644 854 2705 vita
873 2641 1018 2717 manebat,

252 2726 336 2786 Nunc
356 2742 423 2804 ego.
462 2725 522 2788 Sed
543 2728 667 2789 miserae
687 2727 757 2789 milri
773 2745 829 2789 nea
851 2727 953 2807 punire
974 2733 1106 2805 potestas

252 2811 304 2871 Sic
324 2811 470 2870 meritam:
492 2810 560 2888 qnid
580 2811 672 2888 dana,
690 2812 798 2889 duces,
820 2811 889 2890 quId
907 2810 1002 2871 inania
1018 2809 1105 2879 fertis

253 2893 332 2954 Iusta
353 2890 454 2970 ungisi
486 2891 586 2971 lllatu,
601 2895 645 2955 nil
667 2904 791 2977 poscunt
809 2894 930 2974 amplius
950 2892 1080 2971 nmltme,

253 2977 353 3055 Illam,
376 2994 447 3054 uro,
470 2977 560 3038 cineri
581 2978 682 3056 simul,
705 2980 884 3058 excisaeque
903 2978 1016 3058 parenti
1195 2983 1249 3043 110

253 3062 397 3138 Reddite,
419 3078 546 3162 quaeso,
568 3061 675 3139 duces,
696 3080 752 3142 per
772 3079 830 3140 ega
850 3061 925 3124 haee
943 3059 1100 3142 primordia
1121 3060 1203 3139 belli,

255 3145 309 3208 Cui
329 3148 448 3227 peperi.
469 3146 513 3206 sin
535 3154 628 3226 aequa
649 3153 765 3225 gemant
786 3147 853 3209 milui
874 3146 974 3209 funera
991 3154 1099 3209 matres

254 3231 411 3309 Ogygiae?
449 3230 562 3292 Sternit
577 3231 672 3293 crines
692 3232 836 3313 iteratque
855 3231 1022 3311 precanda:

255 3315 414 3394 Reddite,
436 3334 492 3377 nen
509 3332 583 3377 vero
605 3316 753 3380 nmdelem
775 3316 944 3397 avidamque
964 3323 1071 3379 vorate
1208 3382 1213 3389 ,

253 3401 420 3479 Sanguinis:
441 3399 610 3464 oceumbam
629 3402 755 3481 pariter,
774 3401 841 3463 dum
859 3402 981 3463 vulnere
1002 3400 1078 3463 iustu
1195 3410 1245 3467 115

252 3484 409 3547 Exaturata
431 3480 551 3564 anulos,
573 3505 659 3549 unum
677 3486 877 3567 inpellamus
868 3505 897 3549 ru
918 3487 1038 3565 iguem?

318 3569 398 3632 Talia
415 3570 581 3633 uociferans
600 3570 658 3633 alia
676 3571 714 3633 de
734 3581 820 3652 parte
840 3581 1006 3651 gementem
1098 3632 1101 3639 .

252 3653 450 3736 Hypsipylen,
471 3674 567 3736 neque
589 3657 665 3719 enirn
684 3656 735 3719 illa
756 3674 855 3719 nomas
873 3675 930 3721 nea
949 3664 1072 3737 pentura
1093 3664 1202 3731 servat,

252 3739 380 3818 Agnovit
402 3740 508 3821 longe,
529 3749 559 3803 et
580 3742 694 3807 socium
712 3741 862 3824 indignata
879 3740 1036 3811 uetares:
