3134 4434
589 460 792 511 THEBAIDOS
809 462 880 512 LIB.
900 462 951 512 111.
1227 455 1267 515 59

270 618 302 678 ln
323 636 368 678 me
390 617 465 678 haec
487 617 546 679 tela
567 615 680 679 dabas?
701 635 756 697 pro
778 619 856 681 vitea
876 618 964 681 foeda
986 618 1106 699 cupido!
1217 629 1269 688 ato

268 703 391 778 Infelix,
411 703 523 763 facinus
544 703 625 764 fratri
646 712 704 763 tam
725 704 837 780 grande
858 704 975 781 negavi.

269 787 308 848 Et
329 806 405 847 nunc
426 797 525 848 vestra
552 787 667 865 quidem
688 798 823 849 maneant
842 790 871 848 in
891 806 967 867 pace
991 805 1096 849 serena

267 872 401 948 liloenia,
424 891 480 932 nec
497 871 581 932 vobis
601 873 670 933 tanti
690 873 744 932 sim
764 891 853 934 eausa
873 873 1008 933 tumultus

269 957 386 1036 Hospes
409 957 512 1018 adhuc.
558 957 642 1032 Scio,
666 975 722 1017 neo
741 976 787 1019 me
808 958 883 1019 adeo
904 975 954 1017 res
973 956 1075 1017 dextra
1093 958 1209 1036 leuauit,

269 1041 362 1114 Quam
382 1041 482 1102 durum
503 1044 596 1119 natis,
618 1042 745 1102 thalamo
767 1043 953 1120 quamtriste
974 1041 1089 1118 revelli,
1216 1052 1268 1109 375

269 1125 362 1198 Quam
388 1128 496 1205 patria;
519 1144 642 1187 nonme
666 1126 752 1187 ullius
774 1127 876 1188 domus
899 1127 985 1189 auxia
1007 1124 1107 1206 culpet

268 1207 509 1290 Respectentque
530 1221 629 1272 truces
649 1210 770 1290 obliquo
793 1211 899 1273 lumine
920 1219 1039 1271 matres.

268 1295 321 1355 lbo
343 1295 437 1355 libens
459 1306 616 1375 certusque
637 1299 728 1373 mori,
749 1296 820 1357 licet
839 1297 948 1376 optima
970 1295 1077 1356 coniux

267 1379 451 1459 Auditusque
472 1382 574 1441 iterum
597 1389 719 1441 revocet
740 1398 845 1453 socer;
864 1380 940 1441 buno
963 1397 1021 1458 ego
1044 1379 1163 1458 Thebis,

267 1464 368 1540 Hunc,
388 1484 543 1542 germane,
565 1465 617 1526 tibi
635 1465 763 1544 iugulum
786 1474 817 1527 et
835 1465 905 1541 tibi,
926 1467 1049 1526 maxime
1072 1465 1183 1544 Tydeu,
1216 1477 1269 1533 380

267 1549 397 1610 Debeo)
439 1551 488 1610 Sic
505 1551 593 1610 variis
615 1558 810 1630 praetemptat
830 1559 953 1628 pectora
976 1550 1061 1611 dictis

270 1633 467 1714 obliquatque
485 1653 609 1714 preces;
632 1644 795 1696 commotae
813 1634 965 1714 questibus
986 1634 1048 1695 irae

268 1718 306 1779 Et
328 1720 432 1780 mixtus
455 1720 581 1780 lacrimis
605 1720 692 1781 caluit
712 1720 807 1781 dolor.
854 1718 990 1779 Omnibus
1014 1719 1089 1781 ultro

268 1803 335 1863 Non
354 1805 489 1864 iuvenum
508 1804 613 1881 modo,
634 1804 688 1866 sed
710 1804 817 1883 gelidis
840 1814 871 1865 et
891 1803 1032 1865 inertibus
1053 1820 1129 1867 aeuo

267 1887 441 1949 Pectoribus
461 1907 543 1949 mens
564 1907 620 1950 una
641 1889 735 1968 subit,
756 1889 877 1951 viduare
897 1898 1032 1968 penates,

269 1972 416 2033 Finitimas
437 1974 576 2035 adhibere
597 1993 713 2050 manus,
735 1975 851 2054 iamque
870 1975 925 2036 ire.
965 1974 1026 2035 Sed
1048 1973 1124 2035 altus

271 2056 409 2118 Consiliis
431 2068 515 2138 patcr
535 2060 707 2138 imperiique
729 2058 806 2119 lraud
827 2057 948 2121 flectere
968 2058 1077 2119 molem

269 2142 399 2202 Inscius:
424 2141 501 2203 ‘lsta
524 2144 640 2221 quidem
661 2143 777 2222 superis
796 2160 943 2222 curaeque
963 2142 1107 2203 medenda

268 2226 419 2306 Linquite,
443 2245 572 2305 quaeso,
593 2245 694 2303 meae,
717 2245 774 2288 nec
793 2236 825 2287 te
844 2244 999 2306 germanus
1020 2226 1110 2287 inulto

271 2313 395 2390 Sceptra
417 2322 517 2390 geret,
537 2331 635 2392 neque
656 2329 711 2372 vos
733 2310 810 2373 avidi
831 2312 1001 2391 promittere
1019 2310 1149 2373 bellurn..

269 2396 310 2456 At
331 2415 406 2458 nunc
426 2398 577 2475 egregium
600 2405 738 2477 tantoque
757 2397 787 2457 in
808 2397 949 2474 sauguine
972 2405 1105 2457 ovantem

267 2479 405 2560 Excipite
430 2481 577 2559 Oeniden,
599 2483 770 2562 animosque
790 2491 821 2543 et
841 2490 965 2561 pectora
983 2481 1064 2543 laxet

270 2569 344 2627 Sera
366 2569 467 2645 quies:
490 2567 575 2629 nobis
594 2567 680 2630 dolor
697 2567 775 2628 haud
795 2567 916 2630 rationis
939 2565 1063 2646 egebit?

334 2651 452 2713 Turbati
475 2652 624 2732 extemplo
648 2654 770 2714 comites
792 2661 822 2713 et
841 2651 950 2732 pallida
970 2652 1078 2713 coniux

272 2734 372 2810 Tydea
397 2738 506 2798 circum
526 2754 627 2798 omnes
648 2737 760 2798 lassum
776 2736 909 2817 bellique
927 2737 1052 2821 viaeque

271 2821 429 2897 stipantur.
473 2820 579 2882 Laetus
600 2821 702 2882 mediis
724 2823 753 2881 in
774 2821 893 2883 sedibus
912 2822 997 2882 aulae

271 2903 423 2979 Constitit,
443 2905 611 2983 ingentique
631 2914 775 2983 exceptus
795 2913 880 2984 terga
904 2904 1048 2980 columna,

270 2987 400 3048 Vulnera
422 2988 487 3049 dum
507 2987 631 3067 lymphis
653 2987 829 3067 Epidaurius
850 2988 923 3049 eluit
941 2988 1052 3064 Idmon,

270 3073 354 3132 Nunc
371 3072 462 3133 velox
483 3072 581 3149 ferro,
603 3090 679 3132 nunc
697 3072 748 3133 ille
770 3072 937 3154 potentibus
955 3071 1055 3134 herbis

270 3156 378 3218 Mitior.
419 3157 488 3237 lpse
510 3157 568 3218 alta
588 3157 725 3218 seductus
747 3167 844 3219 mente
864 3166 997 3219 renarrat

271 3243 415 3320 Principia
437 3244 559 3318 irarum,
583 3260 717 3321 quaeque
739 3259 826 3304 orsus
847 3252 971 3322 uterque
992 3241 1131 3320 vicissim,

272 3327 345 3399 Quis
368 3326 451 3388 locus
473 3326 602 3402 insidiis,
625 3329 713 3389 tacito
733 3345 808 3406 quae
831 3337 965 3407 tempora
983 3327 1077 3403 bello,

272 3411 329 3484 Qui
351 3423 468 3489 contra,
491 3413 648 3492 quantique
668 3413 776 3488 duces,
798 3412 849 3473 ubi
871 3414 1010 3473 maximus
1029 3412 1088 3474 illi-

272 3496 384 3572 Sudor,
409 3506 438 3558 et
455 3497 560 3558 indicio
582 3506 731 3559 serratum
748 3496 873 3559 llaeoua
891 3499 966 3559 tristi

269 3580 408 3661 Exponit.
452 3579 506 3642 Cui
522 3582 579 3643 lida
600 3601 701 3644 manus
722 3600 923 3662 proceresque
945 3598 1091 3662 socerque
1219 3589 1270 3647 405

270 3666 416 3745 Adstupet
439 3669 547 3744 oranti,
571 3667 735 3746 Tyriusque
757 3667 920 3729 incenditur
941 3668 1018 3729 exul.

335 3752 471 3813 Solverat
492 3750 629 3832 Hesperii
646 3753 761 3815 deuexo
781 3755 914 3834 margine
934 3754 1023 3834 ponti
