3134 4434
584 456 785 506 THEBAIDOS
808 457 878 507 LIB.
902 458 939 506 11.

257 611 344 672 Laius
363 618 393 672 et
412 619 499 671 notos
521 621 672 672 cunctatur
693 613 766 673 inire
783 621 917 692 penates.

242 685 395 757 ffidr'd
415 696 544 757 excelsis
566 706 679 758 suamet
696 700 764 776 iuga
786 699 853 758 nixa
876 699 1018 758 columnis

258 782 338 843 Vidit
362 790 392 841 et
413 781 538 841 inlectos
562 783 715 843 etiamnum
737 783 879 860 sanguine
901 800 1012 860 currus,

258 867 356 926 Paene
378 875 457 926 retro
483 865 614 927 turbatus
637 866 711 937 ahit;
735 885 792 928 neo
813 886 922 929 summa
946 867 1085 929 Tonantis

259 951 356 1027 Iussa,
379 969 435 1011 nee
457 950 601 1011 Arcadiae
623 953 748 1012 retinent
769 953 924 1032 spiramina
948 956 1059 1030 virgae.
1229 964 1263 1020 70

258 1033 296 1096 Et
317 1044 385 1095 tune
406 1035 484 1096 forte
508 1036 570 1096 dies
595 1045 665 1096 noto
684 1039 798 1115 signata
819 1035 957 1097 Tonantis
983 1063 985 1066 >

256 1119 405 1197 Fulmine‚
428 1120 578 1200 praerupti
599 1139 686 1199 quum
707 1131 752 1199 tc,
770 1131 859 1182 tener
880 1121 972 1198 Eric,
997 1132 1096 1202 partus

259 1205 459 1266 Transmisere
480 1205 563 1284 patri.
604 1204 700 1282 Tyriis
722 1225 757 1267 ea
779 1224 867 1268 causa
889 1204 1004 1277 colonis

257 1290 422 1371 Insomnem
440 1290 509 1351 ludo
533 1292 665 1350 certatim
688 1291 816 1352 educere
838 1300 955 1352 noctem

259 1377 413 1442 Suaserat;
437 1375 522 1435 ellusi
543 1377 652 1454 passim
671 1393 727 1455 per
745 1385 842 1453 tecta,
866 1394 920 1456 per
941 1393 1040 1454 agros,
1227 1390 1262 1446 75

259 1461 345 1520 Serta
367 1461 443 1519 inter
460 1476 630 1537 vacuosque
651 1477 733 1520 mero
756 1470 886 1522 crateras
907 1460 1042 1521 anhelum

258 1544 424 1604 Prodabant
448 1543 501 1604 sub
522 1544 588 1604 luce
612 1544 711 1614 deum;
733 1555 792 1606 tum
813 1545 937 1626 plurima
958 1545 1054 1606 buxus

258 1629 398 1708 Aeraque
420 1631 551 1690 taurinos
571 1632 666 1691 sonitu
687 1631 833 1692 vincentia
852 1631 964 1711 pulsus.

258 1713 329 1792 lpse
347 1715 433 1775 etiam
455 1715 587 1792 gaudens
607 1732 764 1776 nemorose
785 1734 840 1795 per
862 1716 926 1775 avia
947 1732 1032 1775 sanas

258 1798 409 1877 lupulerat
426 1809 533 1860 matres
552 1799 669 1860 Baccho
691 1801 816 1861 meliore
835 1799 1002 1861 Cithaeron.
1227 1816 1263 1870 80

325 1882 429 1956 Qualia
448 1903 504 1963 per
524 1883 690 1964 Rhodopen
708 1885 812 1946 rabido
830 1886 962 1947 convivia
985 1895 1072 1946 coetu

258 1968 411 2048 Bistones,
434 1978 483 2029 aut
503 1969 617 2030 mediae
641 1979 751 2050 ponunt
771 1969 952 2031 convallibus
970 1968 1073 2031 Ossae.

258 2051 321 2113 Illis
344 2054 540 2114 semianimum
561 2072 654 2133 pecus
676 2073 881 2134 excussaeque
900 2055 1017 2115 leonum
1059 2078 1061 2084 ⁴

260 2135 320 2197 Ore
342 2138 450 2218 dapes,
473 2148 503 2198 et
523 2138 601 2199 lacte
622 2155 700 2198 novo
722 2138 868 2200 domuisse
893 2155 1028 2199 cruorem

258 2221 372 2283 Luxus:
396 2232 424 2283 at
445 2221 550 2301 Ogygii
573 2225 598 2282 si
620 2223 734 2302 quando
756 2223 865 2285 alharit
883 2223 981 2307 Iacchi
1228 2240 1263 2293 35

261 2309 375 2366 Saevus
398 2309 486 2384 odor,
509 2316 576 2368 tune
596 2326 667 2369 saxa
687 2326 789 2386 manu,
812 2317 882 2368 tunc
902 2308 1009 2387 pocula
1031 2311 1182 2390 pulchrum

260 2393 409 2470 Spargere
429 2403 459 2453 et
477 2393 609 2454 inmerito
629 2395 776 2454 sociorum
800 2395 938 2472 sanguine
961 2393 1027 2455 iaso

260 2475 425 2538 Instaurare
447 2478 523 2539 diem
544 2479 695 2558 festasque
717 2496 865 2559 reponere
885 2497 1011 2540 mensas.

328 2561 394 2622 Nox
417 2581 467 2640 ea,
491 2583 577 2642 quum
599 2566 687 2625 tacita
706 2564 829 2626 volucer
851 2562 1001 2642 Cyllenius
1023 2585 1092 2628 aura

261 2647 353 2724 Regis
376 2647 509 2709 Echionii
531 2651 629 2710 stratis
646 2650 796 2729 allapsus,
819 2649 869 2709 ubi
890 2652 994 2728 ingens

260 2729 387 2792 Fuderat
408 2733 539 2809 Assyriis
560 2725 709 2794 exstructa
729 2734 876 2814 tapetibus
895 2735 955 2796 alto

260 2815 390 2876 Membra
414 2826 489 2878 toro.
529 2818 587 2879 Pro
605 2835 695 2895 gnara
716 2818 788 2879 nihil
809 2820 940 2880 mortalia
961 2819 1014 2880 lati

262 2898 358 2960 Corda
380 2901 439 2961 sui!
463 2903 541 2980 capit
562 2901 613 2962 ille
636 2903 746 2981 dapes,
766 2903 857 2963 habet
874 2903 925 2963 ille
944 2920 1094 2982 soporem.

259 3008 262 3013 ·
326 2983 406 3044 Tunc
426 2986 524 3045 senior
547 3003 621 3064 qnae
644 2987 739 3046 iussus
760 2988 837 3064 agit,
861 3004 917 3047 neu
938 2987 1013 3048 falsa
1033 2988 1126 3049 videri

261 3068 364 3128 Noctis
384 3072 480 3148 imago
498 3079 607 3149 queat,
630 3069 769 3147 longaevi
790 3071 865 3131 vatis
883 3088 995 3149 opacos
1228 3083 1264 3138 95

261 3153 396 3215 Tiresiae
418 3156 515 3216 vultus
535 3171 699 3234 vocemque
721 3163 751 3214 et
771 3155 885 3216 vellera
905 3165 972 3238 nota

260 3239 399 3300 Induitur.
441 3239 577 3302 hlansere
600 3257 701 3301 comae
722 3257 916 3320 propexaque
936 3249 1033 3302 mento

262 3323 398 3386 Canicies
420 3327 576 3406 pallorque
597 3343 682 3401 suus,
706 3325 759 3386 sed
775 3324 850 3387 falsa
869 3327 996 3387 cucurrit

261 3407 353 3471 infula
375 3430 430 3490 per
453 3413 567 3488 crines,
590 3410 773 3489 glaucaeque
795 3413 918 3472 innexus
938 3411 1034 3473 olivae

261 3485 402 3556 vittarum
421 3498 557 3576 provenit
574 3497 683 3563 honos3
704 3495 811 3556 dehinc
829 3502 952 3575 tangere
965 3514 1046 3558 ramo
1213 3509 1265 3562 100

260 3578 386 3641 Pectora
411 3591 440 3641 et
459 3581 511 3641 has
532 3582 612 3642 visus
634 3581 758 3641 fatorum
781 3598 957 3661 expromere
979 3599 1086 3643 voces:

326 3666 410 3726 ‘Non
432 3667 524 3726 somni
544 3667 596 3727 tihi
618 3676 731 3744 tempus
751 3668 847 3744 iners,
866 3668 915 3746 apri
922 3677 1022 3729 'noete
1044 3666 1098 3729 sub
1121 3665 1178 3726 alta

262 3752 396 3814 Germani
418 3770 523 3813 secure
547 3753 644 3830 iaces,
666 3751 794 3830 iugentia
813 3751 919 3814 dudum
1127 3766 1130 3771 ’
