3134 4434
311 424 350 486 16
644 437 676 484 1³.
699 435 834 484 efflatu
855 435 972 485 sunum

307 592 488 671 Extinguat,
507 592 599 672 septis
622 602 653 653 et
669 593 796 655 turribus
817 610 924 654 aureus
943 596 1043 654 intres.
1261 605 1313 658 255

307 677 435 738 blentitis
456 677 580 755 ignosco
598 674 687 739 toris:
708 678 789 738 illam
807 678 919 739 odimus
937 679 1050 754 urbem,

308 763 400 838 Quam
419 761 500 823 uultu
522 761 676 823 confessus
697 763 777 840 adis,
800 763 848 823 ubi
869 765 988 824 conscia
1009 764 1105 841 magni

308 849 397 926 Signa
415 846 488 923 tori,
512 848 634 908 tonitrus
651 849 716 927 agis
738 857 768 908 et
789 865 855 909 mea
873 848 993 908 fulmina
1014 857 1145 928 torques.

306 931 397 994 Facta
418 932 497 992 luant
517 931 653 993 Thebae:
677 951 729 992 cur
749 932 853 993 hostes
867 932 961 1010 eligis
978 930 1100 1011 Argos?
1123 987 1126 992 .

308 1017 384 1092 Quin
402 1034 475 1094 age,
499 1018 524 1076 si
539 1025 624 1078 tanta
646 1025 692 1078 est
712 1017 829 1078 thalami
847 1018 993 1079 discordia
1015 1019 1119 1095 sancti,
1254 1028 1307 1083 260

307 1100 346 1162 ΕΙ
367 1101 473 1162 Samon
494 1110 524 1161 et
543 1110 663 1162 veteres
681 1103 768 1162 armis
791 1102 916 1165 excinde
935 1101 1085 1178 llyceuas.

306 1187 398 1247 Verte
420 1186 486 1246 solo
504 1187 639 1266 Sparten.
684 1185 744 1246 Cur
764 1205 886 1267 usquam
903 1188 1043 1264 sanguine
1065 1188 1144 1248 festo

309 1269 448 1350 Coniugis
470 1289 520 1332 ara
543 1280 627 1348 tuae,
651 1271 766 1331 cumulo
788 1273 932 1332 curturis
954 1272 1011 1331 Eoi

306 1355 396 1417 Laeta
420 1352 518 1429 calet?
562 1355 666 1417 llelius
685 1358 762 1417 votis
780 1356 940 1417 blareotica
961 1357 1050 1417 fumat

308 1438 420 1521 coptos
441 1449 472 1500 et
491 1442 618 1502 acrisoni
639 1442 767 1518 lugentia
787 1442 901 1503 flumina
923 1440 991 1501 Nili.
1256 1453 1308 1507 265

369 1523 468 1600 ‘Quod
490 1526 515 1584 si
536 1528 634 1606 prisca
652 1526 732 1587 luunt
752 1534 902 1588 auctorum
925 1528 1042 1586 crimina
1064 1537 1181 1604 gentes,

308 1610 507 1689 Subvenitque
529 1612 587 1672 tuis
610 1629 678 1672 sera
699 1611 775 1672 baec
797 1613 941 1672 sententia
964 1613 1058 1679 curis;

307 1696 489 1757 Perceuserc
511 1697 577 1756 aeui
599 1696 726 1773 senium,
750 1713 808 1775 quo
829 1706 963 1776 tempore
986 1696 1103 1757 taudem

308 1779 463 1841 Terrarum
484 1780 574 1840 furias
596 1780 718 1841 abolere
737 1790 767 1841 et
789 1779 909 1843 saecula
933 1791 1014 1841 retro

292 1863 471 1925 'Emendare
493 1873 538 1925 sat
560 1875 615 1926 est.
650 1865 817 1926 Iamdudum
835 1865 872 1926 ab
892 1866 1012 1926 sedibus
1032 1865 1090 1925 illis
1258 1872 1310 1927 ato

306 1948 426 2028 Incipe,
450 1949 606 2028 fluctivaga
628 1969 685 2030 qua
708 1950 936 2030 praeterlabitur
957 1952 1032 2012 unda

308 2036 431 2096 Sicanos
452 2034 540 2113 louge
561 2035 702 2113 relegens
724 2035 859 2114 Alplreus
882 2053 1007 2096 amores.

307 2119 441 2180 Arcades
463 2119 511 2180 bic
532 2129 580 2182 tua
601 2155 645 2168 -
665 2138 722 2180 nec
742 2119 839 2200 pudor
859 2118 925 2181 esti
948 2153 989 2165 -
1011 2119 1133 2180 delubra
1152 2119 1274 2180 nefastis

307 2204 470 2285 lnposuere
492 2205 583 2282 loeis,
607 2205 849 2267 illic-Mauortius
872 2207 934 2266 axis

308 2289 448 2351 Oenomai
471 2288 634 2371 Geticoque
656 2309 749 2370 pecus
772 2291 919 2352 stabulare
942 2289 996 2351 sub
1017 2288 1128 2349 Haemo
1257 2298 1309 2353 275

307 2374 447 2452 Dignius,
470 2374 600 2456 abruptis
622 2377 775 2436 etiamnum
797 2377 941 2437 inhumata
962 2391 1121 2454 procorum

308 2459 462 2536 Relliquiis
485 2468 587 2521 trunca
608 2477 660 2521 ora
683 2463 789 2537 rigent.
834 2460 944 2521 'lamen
965 2460 1013 2520 hic
1034 2458 1087 2518 tibi
1109 2459 1212 2538 templi
1294 2470 1299 2475 ·

308 2543 411 2606 Gratus
433 2543 544 2623 honos,
567 2545 667 2623 placet
686 2544 738 2606 lda
759 2561 870 2605 uocaus
890 2546 1068 2623 mentitaque
1089 2563 1188 2606 manes

309 2626 396 2689 Creta
418 2635 493 2687 tuos.
538 2627 586 2688 lle
607 2627 755 2689 Tantaleis
778 2630 942 2690 consistere
962 2633 1060 2706 tectis,

307 2713 391 2788 Quae
413 2714 528 2773 taudem
548 2714 654 2774 invidia
677 2710 745 2774 est?
788 2713 864 2774 Delli
888 2715 1015 2775 deflecte
1037 2715 1173 2776 tumultus
1254 2723 1308 2777 280

307 2797 346 2859 ldt
366 2799 485 2876 generis
506 2800 669 2859 miseresce
691 2799 742 2858 tui.
787 2800 860 2859 Sunt
881 2800 958 2879 inpia
981 2799 1040 2859 late

269 2920 272 2927 ·
307 2881 411 2962 Regna
431 2882 501 2960 tibi,
520 2884 624 2945 melius
643 2901 772 2962 generos
794 2902 915 2964 passura
938 2891 1105 2945 nocentes.'

369 2968 498 3029 Finierat
518 2970 644 3029 miscens
662 2970 802 3050 precibus
821 2971 954 3030 convicia
975 2969 1057 3030 luno.
1254 3036 1257 3041 ,

308 3053 347 3113 At
366 3070 424 3112 non
443 3052 493 3115 ille
515 3055 614 3132 gravis
632 3054 734 3132 dictis,
758 3072 930 3135 quamquam
952 3072 1058 3135 aspera
1079 3063 1171 3128 motu,

309 3137 445 3198 Reddidit
461 3138 551 3199 baec:
575 3139 731 3219 ‘Equidem
753 3140 829 3201 baud
847 3141 935 3201 rebar
948 3150 979 3200 te
994 3149 1090 3200 mente
1106 3139 1234 3199 secunda
1256 3149 1308 3202 285

307 3223 455 3300 laturam,
479 3225 683 3303 quodcumque
706 3234 789 3302 tuos,
807 3225 877 3286 licet
897 3242 1026 3304 aequus,
1046 3227 1075 3284 iu
1097 3224 1196 3301 Argos
1246 3270 1249 3274 Α

310 3304 518 3385 Consulerem,
543 3326 639 3387 neque
661 3328 724 3387 me,
747 3309 831 3370 detur
850 3311 875 3369 si
896 3312 998 3389 copia,
1018 3310 1093 3371 lallit

307 3391 508 3472 llultasuper
529 3392 638 3454 Thebis
658 3393 805 3455 Bacchum
823 3413 1016 3473 ausuramque
1037 3394 1152 3455 Dionen

307 3476 434 3553 Dicere,
455 3477 508 3538 sed
528 3479 621 3538 nostri
640 3481 807 3539 reverentia
828 3479 968 3558 ponderis
991 3480 1098 3540 obstat.

307 3561 476 3623 Horrendus
500 3564 606 3623 etenim
622 3563 743 3640 laticeS,
766 3565 868 3642 Stygia
891 3580 1020 3642 aequora
1042 3565 1139 3625 fratris
1256 3574 1309 3630 290

309 3645 466 3726 Dbtestor,
487 3666 650 3709 mansurum
673 3658 703 3709 et
724 3667 783 3709 nou
801 3647 971 3709 revocabile
989 3666 1101 3724 verum,
1130 3710 1134 3715 ,

306 3730 357 3793 ¹Nil
377 3731 460 3812 iore,
479 3750 536 3814 quo
554 3733 640 3795 dictis
657 3735 770 3797 flectar.
815 3734 913 3809 Quare
934 3734 1051 3814 inpiger
1073 3735 1135 3796 ales

266 3814 431 3927 fl!
