3134 4434
444 364 456 389 ⁰
572 379 772 428 naummos
790 380 931 428 urm-111.
1193 369 1254 432 205

256 536 376 600 biolitur
397 536 512 616 pallens
534 536 693 597 et-surdos
714 535 836 616 expedit
855 553 957 597 arcus.-

256 622 376 700 Iamque
397 623 483 682 instat
503 622 571 683 telis
594 629 624 683 et
643 629 796 701 urumque
816 619 954 699 obliquus
975 621 1004 681 in
1025 620 1119 682 ulnam
1202 632 1256 686 868

259 705 377 768 Cornua
400 707 542 784 contingit
562 722 700 766 mucrone
721 715 752 766 et
768 715 892 786 pectora
909 723 1017 775 nerro;

259 790 354 866 Quum
371 791 453 851 ducis
475 790 568 851 Aonii>
582 807 687 868 magno
707 791 764 851 cita
784 790 898 851 turbiue
919 791 1030 869 cuspis,

257 875 364 936 Fertur
384 877 414 935 in
435 875 588 936 adversum
608 877 748 954 nervique
769 874 889 955 obliqua
911 877 1009 935 sonori

257 960 364 1020 Vincla
385 969 483 1036 secat,
506 969 630 1040 pereunt
650 962 739 1037 ictus,
761 960 951 1038 manibusque
971 961 1102 1021 remissis

257 1045 342 1106 Vana
361 1045 494 1123 supinato
515 1045 683 1105 ceciderunt
703 1044 815 1124 spicula
837 1060 937 1104 cornu.
1045 1052 1049 1060 '
1202 1058 1254 1113 878

259 1129 342 1189 Tunc
361 1131 450 1188 miser
471 1138 501 1189 et
521 1129 622 1190 frenos
642 1128 771 1189 turbatus
795 1139 825 1189 et
844 1147 921 1189 arma
943 1130 1062 1205 remisit,

259 1215 397 1273 Vulneris
416 1206 574 1292 inpatiens,
596 1215 707 1274 humeri
729 1213 807 1293 quod
828 1215 954 1289 tegmina
974 1214 1068 1275 dextri

258 1297 382 1359 Intrarat
400 1297 576 1377 facilemque
598 1307 691 1358 cutem
714 1298 790 1358 subit
812 1297 905 1358 altera
928 1300 1037 1376 cuspis,

260 1382 494 1462 Cornipedisque
515 1383 612 1460 lugam
634 1383 750 1442 succiso
775 1382 888 1462 poplite
912 1383 999 1442 sistit
1306 1449 1308 1453 ,

261 1465 343 1527 Tunc
365 1466 441 1527 cadit
461 1469 526 1545 ipse
552 1467 664 1543 Dryas,
687 1469 805 1544 mirum,
824 1484 881 1526 nec
901 1467 1031 1527 vulneris
1047 1487 1165 1549 usquam
1201 1479 1253 1534 875
1303 1494 1304 1497 ¹

262 1550 422 1627 Conscius,
445 1551 513 1611 clim
529 1561 631 1612 auctor
650 1551 717 1628 teli,
741 1569 906 1631 causaeque
926 1551 1072 1630 patebant.

326 1635 366 1695 At
387 1653 462 1715 puer
481 1636 591 1696 infusus
612 1637 701 1696 sociis
723 1636 857 1696 indeuia
878 1637 971 1715 campi

260 1721 401 1797 Tollitur,
423 1721 479 1780 heu
501 1721 626 1799 simplex
647 1721 743 1782 aetas!
764 1723 950 1799 moriensque
970 1722 1112 1782 iacentem

258 1805 365 1866 Flebat
386 1823 502 1884 equum;
524 1807 629 1867 cecidit
650 1805 745 1867 laxata
768 1805 883 1866 casside
902 1805 1010 1882 vultus,

259 1891 420 1968 Aegraque
442 1907 496 1968 per
517 1890 646 1969 trepidos
670 1892 784 1969 expirat
803 1891 895 1968 gratia
916 1892 1006 1966 visus,
1202 1902 1255 1956 880

259 1974 300 2036 Et
321 1976 434 2053 prensis
457 1990 599 2034 concussa
621 1975 712 2034 comis
733 1983 780 2034 ter
799 1974 876 2035 colla
898 1983 1059 2052 quaterque

260 2061 347 2120 Stare
364 2068 487 2136 negent,
509 2060 638 2137 ipsisque
658 2059 741 2118 nefas
765 2057 944 2118 lacrimabile
962 2056 1080 2137 Thebis,

260 2142 326 2204 Ibat
346 2162 508 2223 purpureus
530 2144 615 2203 niveo
637 2142 674 2202 de
695 2151 817 2222 pectore
836 2144 961 2220 sanguis.

264 2227 392 2288 Tandem
415 2228 489 2288 haec
511 2227 637 2305 singultu
657 2227 747 2288 verba
770 2227 914 2287 incidente
935 2227 1083 2305 puciatur:

326 2312 491 2388 ‘bobinum
514 2314 540 2388 i,
563 2313 711 2388 miseram,
732 2311 867 2387 Dorceu,
890 2310 988 2372 solare
1007 2321 1165 2391 parentem.
1201 2322 1253 2378 885

259 2396 314 2459 Illa
331 2397 462 2479 quidem,
485 2398 511 2456 si
531 2415 602 2458 vera
619 2397 715 2457 ferunt
734 2397 889 2476 praesagia
912 2415 1010 2473 curae,

261 2482 321 2542 Aut
339 2499 440 2542 somno
461 2484 516 2542 iam
538 2484 621 2542 triste
642 2481 725 2542 nefas
746 2491 795 2543 aut
817 2484 912 2542 omine
933 2481 1013 2541 vidit.

264 2567 307 2628 Tu
329 2576 423 2627 tamen
440 2576 503 2627 arte
525 2568 573 2645 pia
593 2567 733 2646 trepidem
754 2567 901 2647 suspende
921 2567 1028 2646 diuque

263 2651 413 2730 Decipito;
439 2670 496 2712 neu
518 2660 547 2710 tu
568 2651 679 2711 subitus
697 2670 772 2712 neve
793 2669 870 2712 arma
891 2653 1000 2711 tenenti
1082 2655 1084 2658 ’

262 2735 405 2811 Veneris,
427 2744 457 2794 et
477 2734 591 2794 tandem
613 2753 698 2812 quum
720 2737 775 2794 ium
795 2753 906 2813 cogere
924 2733 1020 2810 lateri,
1201 2745 1255 2800 890

262 2818 334 2879 Dic:
356 2817 465 2895 lllerui,
487 2820 637 2895 genetrix,
660 2835 789 2898 poenas,
811 2821 897 2879 invita
919 2836 1079 2896 capessens

263 2904 350 2964 Arma
374 2921 447 2982 puer
470 2903 570 2982 rapui,
591 2921 647 2962 nec
668 2911 698 2964 te
718 2904 861 2963 retinente
882 2904 990 2982 quievi,

261 2987 327 3048 Nec
348 2987 399 3049 tibi
420 2987 563 3048 sollicitae
584 2987 686 3048 saltem
707 2989 782 3047 inter
800 2987 879 3049 bella
897 2988 1030 3068 peperci.

263 3073 338 3132 Vive
359 3074 446 3151 igitur
468 3072 623 3152 potiusque
645 3073 744 3132 animis
764 3074 894 3134 irascere
915 3072 1034 3148 nostris,

263 3156 301 3218 Et
322 3159 377 3217 iam
395 3174 473 3236 pone
490 3165 597 3227 metus;
616 3156 722 3218 frustra
744 3157 780 3217 de
801 3157 879 3218 colle
899 3156 1007 3232 Lycaei
1202 3168 1254 3225 895

263 3243 358 3303 Anxia
377 3251 572 3323 prospectas,
594 3243 619 3302 si
640 3243 705 3321 quis
726 3259 781 3320 per
801 3241 899 3302 nubila
919 3241 1006 3317 longe

264 3327 324 3387 Aut
344 3345 432 3387 sonus
454 3337 502 3388 aut
522 3335 624 3386 nostro
646 3326 774 3387 sublatus
795 3326 831 3386 ab
852 3327 965 3402 agmine
985 3325 1090 3406 pulvis.

263 3411 398 3488 Frigidus
418 3413 447 3471 in
467 3410 542 3473 nuda
562 3413 647 3472 iaceo
666 3411 788 3487 tellure,
811 3429 867 3471 nec
889 3427 1008 3489 usquam
1123 3437 1125 3448 ·

266 3496 308 3557 Tu
329 3513 440 3576 prope,
463 3514 537 3575 quae
557 3497 653 3557 vultus
676 3495 861 3575 efflantiaque
883 3513 935 3556 ora
956 3504 1084 3557 teneres.

265 3580 348 3641 Hunc
360 3590 464 3658 tamen,
478 3581 549 3641 orba
561 3599 678 3659 parens,
691 3583 810 3657 crinem,
819 3615 860 3625 -
871 3579 1263 3659 dextraquesecsndurusso

266 3664 416 3743 Praebuit,
438 3701 480 3712 -
498 3665 576 3727 bunc
596 3675 660 3728 toto
677 3667 785 3748 capies
803 3683 861 3748 pro
885 3681 1022 3745 corpore
1040 3664 1175 3725 curnem,
