3134 4434
554 494 756 542 unnaarnos
783 495 854 543 uua.
887 494 963 543 vm.
1197 484 1261 550 181
1310 508 1311 513 ¹
1354 499 1356 505 ·

260 652 362 725 Qualis
384 649 420 712 ab
440 650 569 711 Arcadio
589 650 676 710 rediit
698 649 862 726 Tirynthius
885 659 970 711 antrn
1215 663 1268 718 750

260 735 470 816 Captivumque
492 753 574 795 suem
596 735 784 796 clamantibus
807 735 902 796 intulit
923 734 1024 813 Argis.

323 820 452 898 Erigitur
474 818 591 896 Tydeus
612 821 752 899 vultuque
775 822 922 897 occurrit,
943 830 973 880 et
992 839 1091 882 amens

257 907 439 985 Laetitiaque
463 906 580 983 iraque,
602 913 633 964 ut
655 905 841 983 singultantia
859 905 932 966 vidit

260 990 320 1051 Ora
340 990 474 1070 trahique
498 989 601 1049 oculos
624 1006 752 1069 seseque
773 991 892 1068 agnovit
914 988 1028 1068 inille,

259 1075 386 1155 Imperat
404 1075 548 1135 abscisum
568 1077 671 1154 pergi,
690 1076 833 1154 laevaque
852 1083 1004 1154 receptum
1212 1087 1264 1141 755

260 1163 383 1239 Spectat
404 1168 489 1220 atrox
510 1159 617 1219 bostlle
640 1166 726 1239 c'aput
747 1160 906 1240 gliscitque
926 1159 1056 1238 tepentis

259 1245 378 1305 Lumina
397 1253 480 1304 torva
501 1242 604 1304 videns
627 1254 657 1306 et
679 1245 773 1304 adbuc
795 1244 952 1305 dubitantia
973 1243 1035 1321 figi.

323 1329 427 1388 lulelix
447 1337 600 1389 contentus
618 1339 695 1397 crat;
718 1329 786 1408 plus
808 1330 900 1408 exigit
920 1328 1009 1388 ultrix

262 1413 438 1493 Tisiphone;
460 1415 574 1491 iamque
596 1414 704 1474 inllexo
727 1412 856 1475 Tritonia
879 1422 962 1491 patre

260 1499 392 1558 Venerat
414 1508 443 1558 et
464 1499 573 1557 misero
596 1498 686 1559 decus
705 1498 858 1559 inmortale
876 1496 1004 1572 ferebat,
1214 1507 1266 1564 760

260 1584 361 1662 Atque
383 1583 462 1643 illum
487 1582 598 1644 effracti
621 1584 771 1662 perfusum
791 1583 859 1644 tabe
881 1581 997 1643 cerebri

261 1669 397 1747 Adspicit
417 1677 447 1728 et
468 1668 535 1727 vivo
557 1668 754 1729 scelerantem
775 1669 917 1746 sangnine
937 1667 1050 1728 lauces.

260 1751 326 1814 Nec
349 1754 470 1813 comites
493 1751 610 1812 auferre
630 1754 744 1820 valent;
768 1756 849 1813 stetit
869 1770 974 1829 aspera
998 1749 1097 1830 Gorgo

261 1836 397 1898 Crinibus
419 1837 548 1913 emissis,
569 1839 702 1917 rectique
725 1847 792 1899 ante
815 1856 867 1900 ora
889 1845 1022 1897 cerastae

260 1922 409 1983 Velavere
431 1923 528 1990 ‹leam;
550 1922 624 2000 fugit
644 1932 778 1984 aversata
801 1925 954 1997 iacentem,
1213 1933 1263 1991 765

260 2005 326 2068 Nec
348 2009 427 2087 prius
449 2015 526 2068 astra
548 2007 640 2083 subit,
661 2026 745 2086 quam
766 2009 889 2084 mystica
912 2007 1041 2086 lampas,
1067 2007 1095 2066 in
1116 2008 1214 2070 insons

261 2091 377 2152 Elissos
398 2093 486 2154 multa
507 2094 641 2170 purgavit
662 2093 768 2154 lumina
790 2092 916 2172 lympha.
