3134 4434
303 426 364 496 152
641 442 674 493 r.
695 443 829 493 raanan
850 442 968 492 suurn

300 601 429 664 Admitti.
473 598 638 660 ‘Reserare
658 602 734 662 riam
754 609 840 678 rogat
861 601 938 679 inpia
960 597 1035 658 belli

300 687 411 763 llater,
433 685 462 744 in
482 685 526 745 his
549 685 667 765 aliquod
687 688 730 745 ius
753 683 922 745 execrabile
945 684 1054 744 castris

300 770 374 831 Huic
392 779 476 830 utero
496 774 564 830 est?
607 769 727 850 l'repidi
747 771 838 829 visam
861 787 1010 847 expavere
1028 769 1163 849 manipli
1267 779 1309 834 tot

300 855 494 935 Auditamque
516 856 623 934 magis;
646 863 758 916 remeat
775 856 831 914 iam
851 856 956 914 missus
978 852 1116 914 Adrasto

300 939 436 1009 Nuntius;
459 941 607 1019 excipiunt
628 940 698 1000 iussi
719 941 892 1018 mediosque
915 956 969 1016 per
992 955 1087 997 enses

301 1024 377 1086 Dant
396 1026 465 1093 iter;
488 1024 539 1084 illa
559 1025 649 1086 duces
670 1033 701 1083 ut
718 1027 839 1103 primum
861 1022 995 1101 adspexit
1016 1021 1182 1096 Achivos,

303 1110 467 1171 Clamorem
485 1109 659 1170 horrendum
673 1109 751 1169 luctu
773 1109 876 1168 furiata
898 1107 1035 1168 resolvit:

366 1194 512 1272 ‘Argolici
531 1211 691 1273 proceres,
714 1194 816 1272 ecquis
833 1193 1036 1252 monstraverit
1057 1191 1207 1274 hostem,
1268 1204 1310 1260 too

302 1279 395 1354 Quem
417 1275 543 1358 peperi?
567 1297 688 1358 quanam
709 1278 869 1354 inveniam,
892 1277 959 1337 mihi
981 1276 1091 1353 dicite,
1115 1288 1225 1340 natum

302 1363 361 1424 Sub
379 1361 506 1441 galea‘l'
528 1363 616 1423 Venit
637 1363 775 1424 attonitae
796 1361 949 1422 Cadmeius
971 1362 1062 1422 heros

302 1447 430 1525 Obvius,
452 1458 480 1508 et
502 1457 615 1527 raptam
636 1449 764 1509 lacrimis
787 1446 979 1524 gaudentibus
1001 1445 1099 1524 inplet

302 1533 478 1612 Solaturque
500 1543 620 1609 tenens,
643 1542 729 1611 atque
747 1534 823 1592 inter
845 1531 958 1608 singula
980 1539 1123 1607 matrem,

300 1617 422 1678 lllatrem
443 1619 546 1695 iterat,
567 1635 643 1677 nuno
657 1619 749 1696 ipsam
765 1635 894 1694 urgens,
916 1634 991 1675 nunc
1007 1632 1077 1675 cara
1096 1633 1247 1680 sororum
1267 1628 1311 1684 495

302 1702 444 1779 Pectora,
466 1721 551 1781 quum
573 1704 662 1762 mixta
683 1703 768 1763 lletus
789 1720 860 1762 anus
881 1708 998 1780 asperat
1018 1701 1079 1758 ira:

365 1785 459 1860 ‘Quid
480 1787 586 1846 molles
607 1786 740 1847 lacrimas
762 1786 987 1864 venerandaque
1009 1785 1128 1845 nomina
1153 1786 1265 1867 lingis,

301 1869 367 1930 Rex
386 1869 513 1949 Argiue,
533 1868 624 1931 milri?
647 1872 715 1950 quid
734 1871 811 1932 colla
831 1870 1013 1950 amplexibus
1036 1868 1133 1930 ambis

301 1955 485 2034 luvisamque
507 1957 577 2016 teris
600 1956 711 2016 ferrato
733 1966 857 2035 pectore
877 1950 1021 2015 matrem?

303 2040 384 2100 Tune
406 2040 456 2101 ille
480 2041 568 2101 exilio
589 2060 682 2118 vagus
704 2049 733 2102 et
754 2040 928 2100 miserabilis
948 2035 1081 2117 hospes?
1266 2054 1314 2107 50⁰

303 2125 395 2200 Quem
416 2142 475 2185 non
497 2126 685 2205 permoneas!
706 2126 795 2202 longe
817 2134 865 2185 tua
883 2125 961 2185 iussa
982 2123 1125 2184 cohortes

301 2209 482 2290 Expectant,
505 2211 654 2289 multoque
672 2211 748 2271 latus
769 2209 970 2289 praefulgurat
990 2226 1072 2268 ense.

301 2295 348 2355 Ab
370 2297 495 2355 miserae
515 2296 637 2356 matres!
660 2296 736 2356 huuc
757 2304 787 2355 te
808 2304 971 2373 noctesque
994 2292 1119 2371 diesque

300 2378 468 2449 uenenum
490 2381 515 2438 si
537 2380 626 2440 verba
645 2390 741 2441 tamen
763 2381 947 2458 monitusque
970 2387 1083 2438 tuorum

299 2463 453 2540 Dignaris,
477 2464 542 2523 dum
564 2474 660 2525 castra
678 2465 989 2543 sileut'suspensaque
1011 2460 1123 2522 bellum
1262 2476 1314 2530 505

300 2547 453 2608 Horrescit
472 2550 585 2626 pietas,
609 2550 745 2626 genetrix
763 2549 911 2629 iubeoque
933 2563 1085 2627 rogoque,

300 2631 445 2693 lmecum
466 2635 634 2712 patriosque
656 2635 730 2694 deos
752 2653 912 2714 arsuraque
934 2633 1037 2694 saltem
1079 2646 1082 2650 ’

300 2716 391 2778 Tecta
409 2717 495 2795 vide,
518 2717 752 2798 fratremque-
770 2720 838 2798 quid
853 2719 951 2779 aufers
969 2713 1096 2778 lumina?
1119 2750 1164 2763 -
1185 2717 1313 2781 fratrem

300 2802 482 2881 Alloquere,
507 2811 536 2862 et
555 2821 676 2882 regnum
697 2805 751 2863 iam
773 2822 820 2864 me
844 2803 898 2863 sub
920 2804 1015 2864 iudice
1038 2818 1145 2880 posce.

300 2888 360 2948 Aut
381 2886 476 2964 dabit,
499 2897 548 2948 aut
571 2889 680 2948 ferrum
698 2907 786 2950 causa
807 2888 929 2949 meliore
950 2904 1092 2948 resumes.
1261 2899 1314 2954 510

300 2973 384 3033 Anne
407 2974 507 3051 times,
530 2992 567 3033 ne
588 2974 665 3034 forte
686 2973 746 3033 doli
766 2983 797 3033 te
821 2974 939 3034 conscia
963 2980 1056 3032 mater

300 3054 474 3136 Decipiami
496 3076 554 3118 non
572 3061 615 3118 sic
635 3060 760 3118 miseros
782 3059 827 3119 fas
850 3075 934 3118 omne
958 3065 1080 3137 penates

300 3140 444 3219 Effugiet:
467 3144 517 3202 vix
540 3142 693 3221 Oedipode
716 3143 841 3204 ducente
863 3147 992 3204 timeres.

298 3225 391 3304 Nupsi
412 3226 546 3305 equidem
565 3230 726 3306 peperique
746 3228 846 3305 nefas,
870 3228 922 3287 sed
945 3227 1034 3303 diligo
1056 3224 1151 3302 tales,

300 3310 347 3370 Ah
369 3311 472 3386 dolor,
492 3320 523 3371 et
539 3322 657 3373 vestros
678 3314 830 3373 etiamnum
852 3329 963 3373 excuso
982 3310 1108 3371 furores.
1260 3326 1312 3380 515

300 3395 414 3470 Quodsi
435 3395 510 3456 adeo
532 3406 663 3474 perstas,
685 3397 761 3458 ultro
783 3397 852 3475 tibi,
876 3415 983 3472 saeve,
1007 3393 1183 3474 triumphum

298 3479 478 3549 Detulimus;
501 3481 596 3558 religa
619 3491 718 3560 captas
737 3484 765 3542 iu
786 3491 869 3561 terga
892 3498 1029 3555 sorores,

299 3562 379 3624 Inice
400 3565 497 3627 vincla
515 3566 599 3634 milri;
621 3567 719 3644 gravis
740 3567 814 3643 huc,
838 3576 992 3645 utcumque
1013 3565 1126 3625 leretur

300 3647 338 3708 Et
359 3658 453 3728 pater.
497 3650 544 3712 Ad
563 3660 692 3711 vestrum
713 3653 838 3729 gemitus
859 3670 934 3711 nunc
953 3658 1038 3710 verto
1058 3648 1224 3730 pudorem,

293 3731 468 3816 lnaclridae,
489 3735 617 3820 liquistis
636 3736 714 3799 enim
731 3752 903 3818 paruosque
923 3750 1073 3810 senesque
1260 3747 1312 3801 tto
