3134 4434
581 467 781 516 THEBAIDOS
804 468 874 516 Iun.
895 468 942 515 tv.

264 626 456 705 Praecipitat;
483 633 572 704 pavet
592 624 666 684 Ossa
686 623 766 698 vias,
788 621 979 703 pecudesque
998 622 1140 704 feraeque

263 710 451 771 Prooubuere
473 719 566 780 metu;
588 727 645 769 non
665 708 737 788 ipsis
758 707 897 769 iratribus
914 707 1022 769 horror

263 794 381 872 Ablnit,
404 796 513 873 ingenti
534 795 630 855 donec
650 793 756 854 Peneia
779 791 856 854 saltu

264 883 372 959 Stagna
394 878 471 939 subit
492 898 684 958 magnumque
707 877 841 938 obiectus
862 877 972 939 detinet
993 894 1115 938 amnem.

326 963 398 1038 Quis
419 982 568 1024 numerum
589 965 659 1025 lerri
676 971 842 1041 gentesque
866 968 896 1023 et
913 962 1023 1023 robora
1041 962 1122 1024 dicto
1209 971 1260 1026 nto

262 1049 404 1129 Aequarit
424 1049 547 1109 mortale
570 1045 698 1109 sonans?
732 1048 809 1108 Suus
832 1048 911 1107 excit
933 1048 1061 1108 inerma

260 1134 419 1213 Antiquam
438 1133 575 1210 Tiryntha
598 1134 685 1202 deus;
709 1149 767 1191 non
784 1131 909 1192 lortibus
932 1131 981 1193 illa

263 1217 442 1279 lnioecunda
462 1220 533 1279 viris
553 1219 687 1297 ianuaque
709 1217 829 1278 inmanis
850 1216 955 1279 alumni

263 1304 448 1382 Degenerat,
472 1303 524 1364 sed
546 1303 630 1384 lapsa
650 1304 705 1363 situ
728 1302 861 1377 lortnna,
880 1319 977 1381 neque
996 1299 1104 1363 addunt

264 1387 366 1448 Robur
389 1405 477 1467 opes;
500 1406 583 1449 rarus
601 1388 702 1448 naonis
723 1385 867 1447 habitator
888 1387 917 1446 in
936 1386 1014 1446 arvis
1208 1396 1261 1450 15⁰

263 1472 405 1533 Monstrat
424 1470 585 1552 Cyelopum
605 1472 706 1533 ductas
727 1470 882 1532 sudoribus
904 1488 1000 1531 arces.
1047 1542 1049 1547 .

265 1557 322 1618 Dat
344 1566 439 1618 tamen
461 1556 535 1618 haec
555 1559 688 1617 iuvenum
707 1564 868 1616 tercentum
889 1564 1030 1635 pectora,
1051 1552 1157 1632 vulgus

263 1640 444 1703 Innumeram
465 1641 563 1719 bello,
587 1642 691 1721 quibus
712 1640 789 1701 haud
810 1650 922 1701 amenta
940 1657 997 1701 nec
1017 1656 1105 1700 enses

266 1727 360 1787 Triste
383 1728 503 1795 micant;
526 1727 633 1788 llavent
655 1726 742 1805 capiti
762 1735 906 1805 tergoque
929 1725 1047 1786 leonum

263 1810 411 1888 Exuviae,
430 1812 549 1889 gentilis
565 1812 676 1888 honos,
700 1820 731 1872 et
748 1813 851 1891 pineus
874 1819 964 1871 armat
1210 1819 1262 1873 lan

265 1897 382 1975 Stipes,
405 1896 583 1957 inexhaustis
606 1905 752 1957 arctantur
773 1896 833 1956 tela
856 1895 1009 1975 pharetris.

265 1980 441 2042 Herculeum
464 1980 577 2042 Paeana
600 1990 721 2056 canunt,
744 1988 917 2060 vastataque
938 1980 1074 2041 monstris

267 2064 383 2134 Omnia;
406 2066 545 2127 lrondosa
564 2066 682 2143 longum
704 2065 777 2126 dens
798 2064 876 2125 audit
893 2063 1038 2125 ab.Oeta.

328 2150 386 2210 Dat
405 2149 518 2210 Nemee
540 2152 679 2226 comites,
702 2158 732 2209 et
756 2167 828 2229 quas
851 2150 880 2208 in
903 2149 1017 2228 proelia
1036 2148 1117 2209 vires

266 2237 357 2296 Sacra
380 2231 522 2295 Cleonaei
541 2243 649 2312 cogunt
669 2236 766 2295 vineta
784 2232 938 2295 Molorchi.

265 2319 363 2380 Gloria
386 2329 454 2380 nota
477 2337 581 2396 casae,
604 2319 717 2379 loribus
741 2318 874 2380 simulata
896 2317 1017 2395 salignis

264 2403 395 2484 Hospitis
418 2422 495 2473 arma
517 2404 580 2477 dei,
602 2421 754 2484 parvoque
775 2403 935 2464 ostenditur
954 2419 1038 2478 arvo,

264 2488 366 2550 Robur
387 2488 435 2549 nbi
455 2498 484 2550 et
504 2488 589 2551 laxos
610 2507 667 2568 qua
688 2487 875 2550 reclinaverit
896 2496 983 2550 arcus
1099 2498 1104 2509 '

264 2574 353 2651 llice,
377 2592 432 2654 qua
454 2573 544 2635 cubiti
565 2575 687 2637 sedeant
707 2574 833 2652 vestigia
851 2583 941 2635 terra.
1033 2612 1036 2621 ·

327 2660 366 2719 At
388 2658 480 2739 pedes
503 2668 532 2720 et
554 2667 616 2720 toto
639 2660 816 2740 despectans
836 2659 948 2721 uertice
970 2655 1091 2732 bellum,

266 2743 398 2817 Quatnor
418 2744 562 2819 indomitis
584 2742 739 2824 Capaneus
760 2752 862 2822 erepta
875 2743 1015 2821 ,iuuencis

266 2826 363 2904 Terga
385 2845 534 2906 superque
554 2829 655 2905 rigens
676 2831 783 2889 iniectu
803 2827 889 2888 molis
913 2826 1025 2889 ahenae

266 2910 373 2970 Versat
394 2926 481 2979 onus;
505 2912 622 2988 squalet
639 2912 747 2990 triplici
767 2926 884 2973 ramoso
905 2927 1016 2971 corona

264 2994 362 3071 hydra
381 3012 487 3056 recens
510 2994 600 3056 obitu.
645 2995 715 3056 Pars
737 2993 1006 3073 anguibusffaspera
1026 2991 1101 3053 uinis

265 3080 398 3158 Argento
421 3079 534 3141 caelata
557 3080 659 3156 micat,
683 3097 752 3160 pars
773 3088 837 3140 arte
859 3087 978 3158 reperta

266 3164 409 3239 Conditor
429 3173 459 3225 et
480 3165 560 3225 fulvo
579 3165 708 3226 moriens
728 3164 855 3242 ignescit
875 3165 905 3225 in
927 3179 1007 3225 auro.

267 3248 383 3310 Circum
405 3250 494 3310 amnis
516 3259 638 3330 torpens
660 3258 690 3310 et
707 3248 788 3310 ierro
810 3249 929 3310 caerula
950 3247 1056 3309 berne.
1157 3300 1160 3307 .

265 3334 305 3395 At
329 3335 453 3396 laterum
473 3343 582 3396 tractus
603 3336 794 3414 spatiosaque
816 3342 937 3414 pectora
958 3341 1059 3395 servat

264 3418 377 3480 Nexilis
395 3421 545 3480 innumero
567 3419 721 3496 chalybum
743 3418 905 3480 subtemine
927 3418 1043 3497 thorax,

263 3504 462 3581 Horrendum,
486 3521 544 3564 non
565 3505 664 3566 matris
688 3522 779 3584 opus,
800 3502 965 3584 galeaeque
987 3520 1111 3567 corusca
1216 3510 1268 3569 litt

263 3590 410 3650 Prominet
432 3606 500 3649 aree
521 3589 621 3669 gigas,
644 3597 732 3670 atque
752 3590 802 3650 uni
823 3588 940 3650 missilis
958 3588 1001 3651 illi

265 3671 393 3753 Cuspide
416 3673 547 3753 praelixa
566 3683 623 3735 stat
643 3672 795 3735 frondibus
814 3672 887 3735 orba
907 3691 1076 3754 cupressus.

327 3756 401 3818 Huic
422 3775 529 3839 parere
551 3758 626 3840 dati,
646 3777 721 3841 quos
738 3758 845 3823 fertilis
867 3757 1073 3841 Amphigenia
